####################others #################
@ARTICLE{gladders_yee2000,
   author = {{Gladders}, M.~D. and {Yee}, H.~K.~C.},
    title = "{A New Method For Galaxy Cluster Detection. I. The Algorithm}",
  journal = {\aj},
   eprint = {astro-ph/0004092},
 keywords = {Galaxies: Clusters: General, Methods: Data Analysis},
     year = 2000,
    month = oct,
   volume = 120,
    pages = {2148-2162},
      doi = {10.1086/301557},
   adsurl = {http://adsabs.harvard.edu/abs/2000AJ....120.2148G},
  adsnote = {Provided by the SAO/NASA Astrophysics Data System}
}

@ARTICLE{cacciato2013,
   author = {{Cacciato}, M. and {van den Bosch}, F.~C. and {More}, S. and 
	{Mo}, H. and {Yang}, X.},
    title = "{Cosmological constraints from a combination of galaxy clustering and lensing - III. Application to SDSS data}",
  journal = {\mnras},
archivePrefix = "arXiv",
   eprint = {1207.0503},
 keywords = {gravitational lensing: weak, methods: statistical, galaxies: haloes, cosmological parameters, dark matter, large-scale structure of Universe},
     year = 2013,
    month = apr,
   volume = 430,
    pages = {767-786},
      doi = {10.1093/mnras/sts525},
   adsurl = {http://adsabs.harvard.edu/abs/2013MNRAS.430..767C},
  adsnote = {Provided by the SAO/NASA Astrophysics Data System}
}

#################### KiDS PAPERS ######################

@ARTICLE{kids_dr3,
   author = {{de Jong}, J.~T.~A. and {Kleijn}, G.~A.~V. and {Erben}, T. and 
	{Hildebrandt}, H. and {Kuijken}, K. and {Sikkema}, G. and {Brescia}, M. and 
	{Bilicki}, M. and {Napolitano}, N.~R. and {Amaro}, V. and {Begeman}, K.~G. and 
	{Boxhoorn}, D.~R. and {Buddelmeijer}, H. and {Cavuoti}, S. and 
	{Getman}, F. and {Grado}, A. and {Helmich}, E. and {Huang}, Z. and 
	{Irisarri}, N. and {La Barbera}, F. and {Longo}, G. and {McFarland}, J.~P. and 
	{Nakajima}, R. and {Paolillo}, M. and {Puddu}, E. and {Radovich}, M. and 
	{Rifatto}, A. and {Tortora}, C. and {Valentijn}, E.~A. and {Vellucci}, C. and 
	{Vriend}, W.-J. and {Amon}, A. and {Blake}, C. and {Choi}, A. and 
	{Conti}, I.~F. and {Gwyn}, S.~D.~J. and {Herbonnet}, R. and 
	{Heymans}, C. and {Hoekstra}, H. and {Klaes}, D. and {Merten}, J. and 
	{Miller}, L. and {Schneider}, P. and {Viola}, M.},
    title = "{The third data release of the Kilo-Degree Survey and associated data products}",
  journal = {\aap},
archivePrefix = "arXiv",
   eprint = {1703.02991},
 keywords = {surveys, catalogs, techniques: photometric, techniques: image processing},
     year = 2017,
    month = aug,
   volume = 604,
      eid = {A134},
    pages = {A134},
      doi = {10.1051/0004-6361/201730747},
   adsurl = {http://adsabs.harvard.edu/abs/2017A%26A...604A.134D},
  adsnote = {Provided by the SAO/NASA Astrophysics Data System}
}
 
 

@ARTICLE{kids_annz,
   author = {{Bilicki}, M. and {Hoekstra}, H. and {Brown}, M.~J.~I. and {Amaro}, V. and 
	{Blake}, C. and {Cavuoti}, S. and {de Jong}, J.~T.~A. and {Georgiou}, C. and 
	{Hildebrandt}, H. and {Wolf}, C. and {Amon}, A. and {Brescia}, M. and 
	{Brough}, S. and {Costa-Duarte}, M.~V. and {Erben}, T. and {Glazebrook}, K. and 
	{Grado}, A. and {Heymans}, C. and {Jarrett}, T. and {Joudaki}, S. and 
	{Kuijken}, K. and {Longo}, G. and {Napolitano}, N. and {Parkinson}, D. and 
	{Vellucci}, C. and {Kleijn}, G.~A.~V. and {Wang}, L.},
    title = "{Photometric redshifts for the Kilo-Degree Survey. Machine-learning analysis with artificial neural networks}",
  journal = {\aap},
archivePrefix = "arXiv",
   eprint = {1709.04205},
 keywords = {galaxies: distances and redshifts, catalogs, large-scale structure of Universe, methods: data analysis, methods: numerical, methods: statistical},
     year = 2018,
    month = aug,
   volume = 616,
      eid = {A69},
    pages = {A69},
      doi = {10.1051/0004-6361/201731942},
   adsurl = {http://adsabs.harvard.edu/abs/2018A%26A...616A..69B},
  adsnote = {Provided by the SAO/NASA Astrophysics Data System}
}

 

@ARTICLE{viola2015,
   author = {{Viola}, M. and {Cacciato}, M. and {Brouwer}, M. and {Kuijken}, K. and 
	{Hoekstra}, H. and {Norberg}, P. and {Robotham}, A.~S.~G. and 
	{van Uitert}, E. and {Alpaslan}, M. and {Baldry}, I.~K. and 
	{Choi}, A. and {de Jong}, J.~T.~A. and {Driver}, S.~P. and {Erben}, T. and 
	{Grado}, A. and {Graham}, A.~W. and {Heymans}, C. and {Hildebrandt}, H. and 
	{Hopkins}, A.~M. and {Irisarri}, N. and {Joachimi}, B. and {Loveday}, J. and 
	{Miller}, L. and {Nakajima}, R. and {Schneider}, P. and {Sif{\'o}n}, C. and 
	{Verdoes Kleijn}, G.},
    title = "{Dark matter halo properties of GAMA galaxy groups from 100 square degrees of KiDS weak lensing data}",
  journal = {\mnras},
archivePrefix = "arXiv",
   eprint = {1507.00735},
 keywords = {methods: observational, methods: statistical, galaxies: groups: general, galaxies: haloes, dark matter, large-scale structure of Universe},
     year = 2015,
    month = oct,
   volume = 452,
    pages = {3529-3550},
      doi = {10.1093/mnras/stv1447},
   adsurl = {http://adsabs.harvard.edu/abs/2015MNRAS.452.3529V},
  adsnote = {Provided by the SAO/NASA Astrophysics Data System}
}
 

@ARTICLE{edo2016,
   author = {{van Uitert}, E. and {Cacciato}, M. and {Hoekstra}, H. and {Brouwer}, M. and 
	{Sif{\'o}n}, C. and {Viola}, M. and {Baldry}, I. and {Bland-Hawthorn}, J. and 
	{Brough}, S. and {Brown}, M.~J.~I. and {Choi}, A. and {Driver}, S.~P. and 
	{Erben}, T. and {Heymans}, C. and {Hildebrandt}, H. and {Joachimi}, B. and 
	{Kuijken}, K. and {Liske}, J. and {Loveday}, J. and {McFarland}, J. and 
	{Miller}, L. and {Nakajima}, R. and {Peacock}, J. and {Radovich}, M. and 
	{Robotham}, A.~S.~G. and {Schneider}, P. and {Sikkema}, G. and 
	{Taylor}, E.~N. and {Verdoes Kleijn}, G.},
    title = "{The stellar-to-halo mass relation of GAMA galaxies from 100 deg$^{2}$ of KiDS weak lensing data}",
  journal = {\mnras},
archivePrefix = "arXiv",
   eprint = {1601.06791},
 keywords = {gravitational lensing: weak, methods: observational, galaxies: groups: general, galaxies: haloes, galaxies: luminosity function, mass function},
     year = 2016,
    month = jul,
   volume = 459,
    pages = {3251-3270},
      doi = {10.1093/mnras/stw747},
   adsurl = {http://adsabs.harvard.edu/abs/2016MNRAS.459.3251V},
  adsnote = {Provided by the SAO/NASA Astrophysics Data System}
} 

@ARTICLE{amon2018a,
   author = {{Amon}, A. and {Heymans}, C. and {Klaes}, D. and {Erben}, T. and 
	{Blake}, C. and {Hildebrandt}, H. and {Hoekstra}, H. and {Kuijken}, K. and 
	{Miller}, L. and {Morrison}, C.~B. and {Choi}, A. and {de Jong}, J.~T.~A. and 
	{Glazebrook}, K. and {Irisarri}, N. and {Joachimi}, B. and {Joudaki}, S. and 
	{Kannawadi}, A. and {Lidman}, C. and {Napolitano}, N. and {Parkinson}, D. and 
	{Schneider}, P. and {van Uitert}, E. and {Viola}, M. and {Wolf}, C.
	},
    title = "{KiDS-i-800: comparing weak gravitational lensing measurements from same-sky surveys}",
  journal = {\mnras},
archivePrefix = "arXiv",
   eprint = {1707.04105},
 keywords = {gravitational lensing: weak, surveys, galaxies: photometry, cosmology: observations},
     year = 2018,
    month = jul,
   volume = 477,
    pages = {4285-4307},
      doi = {10.1093/mnras/sty859},
   adsurl = {http://adsabs.harvard.edu/abs/2018MNRAS.477.4285A},
  adsnote = {Provided by the SAO/NASA Astrophysics Data System}
}

@ARTICLE{blake2016,
   author = {{Blake}, C. and {Amon}, A. and {Childress}, M. and {Erben}, T. and 
	{Glazebrook}, K. and {Harnois-Deraps}, J. and {Heymans}, C. and 
	{Hildebrandt}, H. and {Hinton}, S.~R. and {Janssens}, S. and 
	{Johnson}, A. and {Joudaki}, S. and {Klaes}, D. and {Kuijken}, K. and 
	{Lidman}, C. and {Marin}, F.~A. and {Parkinson}, D. and {Poole}, G.~B. and 
	{Wolf}, C.},
    title = "{The 2-degree Field Lensing Survey: design and clustering measurements}",
  journal = {\mnras},
archivePrefix = "arXiv",
   eprint = {1608.02668},
 keywords = {surveys, cosmology: observations, large-scale structure of Universe},
     year = 2016,
    month = nov,
   volume = 462,
    pages = {4240-4265},
      doi = {10.1093/mnras/stw1990},
   adsurl = {http://adsabs.harvard.edu/abs/2016MNRAS.462.4240B},
  adsnote = {Provided by the SAO/NASA Astrophysics Data System}
}

@ARTICLE{edo2018,
   author = {{van Uitert}, E. and {Joachimi}, B. and {Joudaki}, S. and {Amon}, A. and 
	{Heymans}, C. and {K{\"o}hlinger}, F. and {Asgari}, M. and {Blake}, C. and 
	{Choi}, A. and {Erben}, T. and {Farrow}, D.~J. and {Harnois-D{\'e}raps}, J. and 
	{Hildebrandt}, H. and {Hoekstra}, H. and {Kitching}, T.~D. and 
	{Klaes}, D. and {Kuijken}, K. and {Merten}, J. and {Miller}, L. and 
	{Nakajima}, R. and {Schneider}, P. and {Valentijn}, E. and {Viola}, M.
	},
    title = "{KiDS+GAMA: cosmology constraints from a joint analysis of cosmic shear, galaxy-galaxy lensing, and angular clustering}",
  journal = {\mnras},
archivePrefix = "arXiv",
   eprint = {1706.05004},
 keywords = {methods: data analysis, methods: statistical, large-scale structure of Universe},
     year = 2018,
    month = jun,
   volume = 476,
    pages = {4662-4689},
      doi = {10.1093/mnras/sty551},
   adsurl = {http://adsabs.harvard.edu/abs/2018MNRAS.476.4662V},
  adsnote = {Provided by the SAO/NASA Astrophysics Data System}
}

@ARTICLE{fabian2017,
   author = {{K{\"o}hlinger}, F. and {Viola}, M. and {Joachimi}, B. and {Hoekstra}, H. and 
	{van Uitert}, E. and {Hildebrandt}, H. and {Choi}, A. and {Erben}, T. and 
	{Heymans}, C. and {Joudaki}, S. and {Klaes}, D. and {Kuijken}, K. and 
	{Merten}, J. and {Miller}, L. and {Schneider}, P. and {Valentijn}, E.~A.
	},
    title = "{KiDS-450: the tomographic weak lensing power spectrum and constraints on cosmological parameters}",
  journal = {\mnras},
archivePrefix = "arXiv",
   eprint = {1706.02892},
 keywords = {gravitational lensing: weak, cosmological parameters, cosmology: observations, large-scale structure of Universe},
     year = 2017,
    month = nov,
   volume = 471,
    pages = {4412-4435},
      doi = {10.1093/mnras/stx1820},
   adsurl = {http://adsabs.harvard.edu/abs/2017MNRAS.471.4412K},
  adsnote = {Provided by the SAO/NASA Astrophysics Data System}
}

@ARTICLE{joudaki2018,
   author = {{Joudaki}, S. and {Blake}, C. and {Johnson}, A. and {Amon}, A. and 
	{Asgari}, M. and {Choi}, A. and {Erben}, T. and {Glazebrook}, K. and 
	{Harnois-D{\'e}raps}, J. and {Heymans}, C. and {Hildebrandt}, H. and 
	{Hoekstra}, H. and {Klaes}, D. and {Kuijken}, K. and {Lidman}, C. and 
	{Mead}, A. and {Miller}, L. and {Parkinson}, D. and {Poole}, G.~B. and 
	{Schneider}, P. and {Viola}, M. and {Wolf}, C.},
    title = "{KiDS-450 + 2dFLenS: Cosmological parameter constraints from weak gravitational lensing tomography and overlapping redshift-space galaxy clustering}",
  journal = {\mnras},
archivePrefix = "arXiv",
   eprint = {1707.06627},
 keywords = {surveys, large-scale structure of Universe, cosmology: observations},
     year = 2018,
    month = mar,
   volume = 474,
    pages = {4894-4924},
      doi = {10.1093/mnras/stx2820},
   adsurl = {http://adsabs.harvard.edu/abs/2018MNRAS.474.4894J},
  adsnote = {Provided by the SAO/NASA Astrophysics Data System}
}

@ARTICLE{joudaki2017,
   author = {{Joudaki}, S. and {Mead}, A. and {Blake}, C. and {Choi}, A. and 
	{de Jong}, J. and {Erben}, T. and {Fenech Conti}, I. and {Herbonnet}, R. and 
	{Heymans}, C. and {Hildebrandt}, H. and {Hoekstra}, H. and {Joachimi}, B. and 
	{Klaes}, D. and {K{\"o}hlinger}, F. and {Kuijken}, K. and {McFarland}, J. and 
	{Miller}, L. and {Schneider}, P. and {Viola}, M.},
    title = "{KiDS-450: testing extensions to the standard cosmological model}",
  journal = {\mnras},
archivePrefix = "arXiv",
   eprint = {1610.04606},
 keywords = {gravitational lensing: weak, surveys, cosmology: theory},
     year = 2017,
    month = oct,
   volume = 471,
    pages = {1259-1279},
      doi = {10.1093/mnras/stx998},
   adsurl = {http://adsabs.harvard.edu/abs/2017MNRAS.471.1259J},
  adsnote = {Provided by the SAO/NASA Astrophysics Data System}
}


@ARTICLE{velliscig2017,
   author = {{Velliscig}, M. and {Cacciato}, M. and {Hoekstra}, H. and {Schaye}, J. and 
	{Heymans}, C. and {Hildebrandt}, H. and {Loveday}, J. and {Norberg}, P. and 
	{Sif{\'o}n}, C. and {Schneider}, P. and {van Uitert}, E. and 
	{Viola}, M. and {Brough}, S. and {Erben}, T. and {Holwerda}, B.~W. and 
	{Hopkins}, A.~M. and {Kuijken}, K.},
    title = "{Galaxy-galaxy lensing in EAGLE: comparison with data from 180 deg$^{2}$ of the KiDS and GAMA surveys}",
  journal = {\mnras},
archivePrefix = "arXiv",
   eprint = {1612.04825},
 keywords = {gravitational lensing: weak, methods: statistical, galaxies: formation, galaxies: haloes, large-scale structure of Universe, cosmology: theory},
     year = 2017,
    month = nov,
   volume = 471,
    pages = {2856-2870},
      doi = {10.1093/mnras/stx1789},
   adsurl = {http://adsabs.harvard.edu/abs/2017MNRAS.471.2856V},
  adsnote = {Provided by the SAO/NASA Astrophysics Data System}
}

@ARTICLE{dvornik2018,
   author = {{Dvornik}, A. and {Hoekstra}, H. and {Kuijken}, K. and {Schneider}, P. and 
	{Amon}, A. and {Nakajima}, R. and {Viola}, M. and {Choi}, A. and 
	{Erben}, T. and {Farrow}, D.~J. and {Heymans}, C. and {Hildebrandt}, H. and 
	{Sif{\'o}n}, C. and {Wang}, L.},
    title = "{Unveiling galaxy bias via the halo model, KiDS, and GAMA}",
  journal = {\mnras},
archivePrefix = "arXiv",
   eprint = {1802.00734},
 keywords = {gravitational lensing: weak, methods: statistical, surveys, galaxies: haloes, dark matter, large-scale structure of Universe},
     year = 2018,
    month = sep,
   volume = 479,
    pages = {1240-1259},
      doi = {10.1093/mnras/sty1502},
   adsurl = {http://adsabs.harvard.edu/abs/2018MNRAS.479.1240D},
  adsnote = {Provided by the SAO/NASA Astrophysics Data System}
}


@ARTICLE{morrison2017,
   author = {{Morrison}, C.~B. and {Hildebrandt}, H. and {Schmidt}, S.~J. and 
	{Baldry}, I.~K. and {Bilicki}, M. and {Choi}, A. and {Erben}, T. and 
	{Schneider}, P.},
    title = "{the-wizz: clustering redshift estimation for everyone}",
  journal = {\mnras},
archivePrefix = "arXiv",
   eprint = {1609.09085},
 keywords = {methods: data analysis, methods: statistical, galaxies: distances and redshifts, large-scale structure of Universe},
     year = 2017,
    month = may,
   volume = 467,
    pages = {3576-3589},
      doi = {10.1093/mnras/stx342},
   adsurl = {http://adsabs.harvard.edu/abs/2017MNRAS.467.3576M},
  adsnote = {Provided by the SAO/NASA Astrophysics Data System}
}


@ARTICLE{costa2017,
   author = {{Costa-Duarte}, M.~V. and {Viola}, M. and {Molino}, A. and {Kuijken}, K. and 
	{Sodr{\'e}}, Jr., L. and {Bilicki}, M. and {Brouwer}, M.~M. and 
	{Buddelmeijer}, H. and {Grado}, A. and {de Jong}, J.~T.~A. and 
	{Napolitano}, N. and {Puddu}, E. and {Radovich}, M. and {Vakili}, M.
	},
    title = "{The galaxy environment in GAMA G3C groups using the Kilo Degree Survey Data Release 3}",
  journal = {ArXiv e-prints},
archivePrefix = "arXiv",
   eprint = {1712.07670},
 keywords = {Astrophysics - Astrophysics of Galaxies},
     year = 2017,
    month = dec,
   adsurl = {http://adsabs.harvard.edu/abs/2017arXiv171207670C},
  adsnote = {Provided by the SAO/NASA Astrophysics Data System}
}

@ARTICLE{kuijken2015,
   author = {{Kuijken}, K. and {Heymans}, C. and {Hildebrandt}, H. and {Nakajima}, R. and 
	{Erben}, T. and {de Jong}, J.~T.~A. and {Viola}, M. and {Choi}, A. and 
	{Hoekstra}, H. and {Miller}, L. and {van Uitert}, E. and {Amon}, A. and 
	{Blake}, C. and {Brouwer}, M. and {Buddendiek}, A. and {Conti}, I.~F. and 
	{Eriksen}, M. and {Grado}, A. and {Harnois-D{\'e}raps}, J. and 
	{Helmich}, E. and {Herbonnet}, R. and {Irisarri}, N. and {Kitching}, T. and 
	{Klaes}, D. and {La Barbera}, F. and {Napolitano}, N. and {Radovich}, M. and 
	{Schneider}, P. and {Sif{\'o}n}, C. and {Sikkema}, G. and {Simon}, P. and 
	{Tudorica}, A. and {Valentijn}, E. and {Verdoes Kleijn}, G. and 
	{van Waerbeke}, L.},
    title = "{Gravitational lensing analysis of the Kilo-Degree Survey}",
  journal = {\mnras},
archivePrefix = "arXiv",
   eprint = {1507.00738},
 keywords = {gravitational lensing: weak, surveys, galaxies: photometry, cosmology: observations},
     year = 2015,
    month = dec,
   volume = 454,
    pages = {3500-3532},
      doi = {10.1093/mnras/stv2140},
   adsurl = {http://adsabs.harvard.edu/abs/2015MNRAS.454.3500K},
  adsnote = {Provided by the SAO/NASA Astrophysics Data System}
}


@ARTICLE{hendrick2017,
   author = {{Hildebrandt}, H. and {Viola}, M. and {Heymans}, C. and {Joudaki}, S. and 
	{Kuijken}, K. and {Blake}, C. and {Erben}, T. and {Joachimi}, B. and 
	{Klaes}, D. and {Miller}, L. and {Morrison}, C.~B. and {Nakajima}, R. and 
	{Verdoes Kleijn}, G. and {Amon}, A. and {Choi}, A. and {Covone}, G. and 
	{de Jong}, J.~T.~A. and {Dvornik}, A. and {Fenech Conti}, I. and 
	{Grado}, A. and {Harnois-D{\'e}raps}, J. and {Herbonnet}, R. and 
	{Hoekstra}, H. and {K{\"o}hlinger}, F. and {McFarland}, J. and 
	{Mead}, A. and {Merten}, J. and {Napolitano}, N. and {Peacock}, J.~A. and 
	{Radovich}, M. and {Schneider}, P. and {Simon}, P. and {Valentijn}, E.~A. and 
	{van den Busch}, J.~L. and {van Uitert}, E. and {Van Waerbeke}, L.
	},
    title = "{KiDS-450: cosmological parameter constraints from tomographic weak gravitational lensing}",
  journal = {\mnras},
archivePrefix = "arXiv",
   eprint = {1606.05338},
 keywords = {gravitational lensing: weak, surveys, galaxies: photometry, cosmology: observations},
     year = 2017,
    month = feb,
   volume = 465,
    pages = {1454-1498},
      doi = {10.1093/mnras/stw2805},
   adsurl = {http://adsabs.harvard.edu/abs/2017MNRAS.465.1454H},
  adsnote = {Provided by the SAO/NASA Astrophysics Data System}
}

####################### EZGAL ############################################# 

@ARTICLE{ezgal_paper,
   author = {{Mancone}, C.~L. and {Gonzalez}, A.~H.},
    title = "{EzGal: A Flexible Interface for Stellar Population Synthesis Models}",
  journal = {\pasp},
archivePrefix = "arXiv",
   eprint = {1205.0009},
 primaryClass = "astro-ph.IM",
     year = 2012,
    month = jun,
   volume = 124,
    pages = {606},
      doi = {10.1086/666502},
   adsurl = {http://adsabs.harvard.edu/abs/2012PASP..124..606M},
  adsnote = {Provided by the SAO/NASA Astrophysics Data System}
}

@MISC{ezgal_software,
   author = {{Mancone}, C. and {Gonzalez}, A.},
    title = "{EzGal: A Flexible Interface for Stellar Population Synthesis Models}",
 keywords = {Software},
howpublished = {Astrophysics Source Code Library},
     year = 2012,
    month = aug,
archivePrefix = "ascl",
   eprint = {1208.021},
   adsurl = {http://adsabs.harvard.edu/abs/2012ascl.soft08021M},
  adsnote = {Provided by the SAO/NASA Astrophysics Data System}
}

@ARTICLE{chabrier2003,
   author = {{Chabrier}, G.},
    title = "{Galactic Stellar and Substellar Initial Mass Function}",
  journal = {\pasp},
   eprint = {astro-ph/0304382},
 keywords = {Galaxies: Luminosity Function, Mass Function, Invited Reviews},
     year = 2003,
    month = jul,
   volume = 115,
    pages = {763-795},
      doi = {10.1086/376392},
   adsurl = {http://adsabs.harvard.edu/abs/2003PASP..115..763C},
  adsnote = {Provided by the SAO/NASA Astrophysics Data System}
}

@ARTICLE{bc03,
   author = {{Bruzual}, G. and {Charlot}, S.},
    title = "{Stellar population synthesis at the resolution of 2003}",
  journal = {\mnras},
   eprint = {astro-ph/0309134},
 keywords = {stars: evolution, galaxies: evolution, galaxies: formation, galaxies: stellar content},
     year = 2003,
    month = oct,
   volume = 344,
    pages = {1000-1028},
      doi = {10.1046/j.1365-8711.2003.06897.x},
   adsurl = {http://adsabs.harvard.edu/abs/2003MNRAS.344.1000B},
  adsnote = {Provided by the SAO/NASA Astrophysics Data System}
}

######################### REDMAPPER ####################################### 

@ARTICLE{redmap_sdss,
   author = {{Rykoff}, E.~S. and {Rozo}, E. and {Busha}, M.~T. and {Cunha}, C.~E. and 
	{Finoguenov}, A. and {Evrard}, A. and {Hao}, J. and {Koester}, B.~P. and 
	{Leauthaud}, A. and {Nord}, B. and {Pierre}, M. and {Reddick}, R. and 
	{Sadibekova}, T. and {Sheldon}, E.~S. and {Wechsler}, R.~H.},
    title = "{redMaPPer. I. Algorithm and SDSS DR8 Catalog}",
  journal = {\apj},
archivePrefix = "arXiv",
   eprint = {1303.3562},
 keywords = {galaxies: clusters: general},
     year = 2014,
    month = apr,
   volume = 785,
      eid = {104},
    pages = {104},
      doi = {10.1088/0004-637X/785/2/104},
   adsurl = {http://adsabs.harvard.edu/abs/2014ApJ...785..104R},
  adsnote = {Provided by the SAO/NASA Astrophysics Data System}
}


@ARTICLE{redmap_des,
   author = {{Rykoff}, E.~S. and {Rozo}, E. and {Hollowood}, D. and {Bermeo-Hernandez}, A. and 
	{Jeltema}, T. and {Mayers}, J. and {Romer}, A.~K. and {Rooney}, P. and 
	{Saro}, A. and {Vergara Cervantes}, C. and {Wechsler}, R.~H. and 
	{Wilcox}, H. and {Abbott}, T.~M.~C. and {Abdalla}, F.~B. and 
	{Allam}, S. and {Annis}, J. and {Benoit-L{\'e}vy}, A. and {Bernstein}, G.~M. and 
	{Bertin}, E. and {Brooks}, D. and {Burke}, D.~L. and {Capozzi}, D. and 
	{Carnero Rosell}, A. and {Carrasco Kind}, M. and {Castander}, F.~J. and 
	{Childress}, M. and {Collins}, C.~A. and {Cunha}, C.~E. and 
	{D'Andrea}, C.~B. and {da Costa}, L.~N. and {Davis}, T.~M. and 
	{Desai}, S. and {Diehl}, H.~T. and {Dietrich}, J.~P. and {Doel}, P. and 
	{Evrard}, A.~E. and {Finley}, D.~A. and {Flaugher}, B. and {Fosalba}, P. and 
	{Frieman}, J. and {Glazebrook}, K. and {Goldstein}, D.~A. and 
	{Gruen}, D. and {Gruendl}, R.~A. and {Gutierrez}, G. and {Hilton}, M. and 
	{Honscheid}, K. and {Hoyle}, B. and {James}, D.~J. and {Kay}, S.~T. and 
	{Kuehn}, K. and {Kuropatkin}, N. and {Lahav}, O. and {Lewis}, G.~F. and 
	{Lidman}, C. and {Lima}, M. and {Maia}, M.~A.~G. and {Mann}, R.~G. and 
	{Marshall}, J.~L. and {Martini}, P. and {Melchior}, P. and {Miller}, C.~J. and 
	{Miquel}, R. and {Mohr}, J.~J. and {Nichol}, R.~C. and {Nord}, B. and 
	{Ogando}, R. and {Plazas}, A.~A. and {Reil}, K. and {Sahl{\'e}n}, M. and 
	{Sanchez}, E. and {Santiago}, B. and {Scarpine}, V. and {Schubnell}, M. and 
	{Sevilla-Noarbe}, I. and {Smith}, R.~C. and {Soares-Santos}, M. and 
	{Sobreira}, F. and {Stott}, J.~P. and {Suchyta}, E. and {Swanson}, M.~E.~C. and 
	{Tarle}, G. and {Thomas}, D. and {Tucker}, D. and {Uddin}, S. and 
	{Viana}, P.~T.~P. and {Vikram}, V. and {Walker}, A.~R. and {Zhang}, Y. and 
	{DES Collaboration}},
    title = "{The RedMaPPer Galaxy Cluster Catalog From DES Science Verification Data}",
  journal = {\apjs},
archivePrefix = "arXiv",
   eprint = {1601.00621},
 keywords = {galaxies: clusters: general},
     year = 2016,
    month = may,
   volume = 224,
      eid = {1},
    pages = {1},
      doi = {10.3847/0067-0049/224/1/1},
   adsurl = {http://adsabs.harvard.edu/abs/2016ApJS..224....1R},
  adsnote = {Provided by the SAO/NASA Astrophysics Data System}
}

############################# REDMAGIC ########################

@ARTICLE{prat2017,
   author = {{Prat}, J. and {S{\'a}nchez}, C. and {Fang}, Y. and {Gruen}, D. and 
	{Elvin-Poole}, J. and {Kokron}, N. and {Secco}, L.~F. and {Jain}, B. and 
	{Miquel}, R. and {MacCrann}, N. and {Troxel}, M.~A. and {Alarcon}, A. and 
	{Bacon}, D. and {Bernstein}, G.~M. and {Blazek}, J. and {Cawthon}, R. and 
	{Chang}, C. and {Crocce}, M. and {Davis}, C. and {De Vicente}, J. and 
	{Dietrich}, J.~P. and {Drlica-Wagner}, A. and {Friedrich}, O. and 
	{Gatti}, M. and {Hartley}, W.~G. and {Hoyle}, B. and {Huff}, E.~M. and 
	{Jarvis}, M. and {Rau}, M.~M. and {Rollins}, R.~P. and {Ross}, A.~J. and 
	{Rozo}, E. and {Rykoff}, E.~S. and {Samuroff}, S. and {Sheldon}, E. and 
	{Varga}, T.~N. and {Vielzeuf}, P. and {Zuntz}, J. and {Abbott}, T.~M.~C. and 
	{Abdalla}, F.~B. and {Allam}, S. and {Annis}, J. and {Bechtol}, K. and 
	{Benoit-L{\'e}vy}, A. and {Bertin}, E. and {Brooks}, D. and 
	{Buckley-Geer}, E. and {Burke}, D.~L. and {Carnero Rosell}, A. and 
	{Carrasco Kind}, M. and {Carretero}, J. and {Castander}, F.~J. and 
	{Cunha}, C.~E. and {D'Andrea}, C.~B. and {da Costa}, L.~N. and 
	{Desai}, S. and {Diehl}, H.~T. and {Dodelson}, S. and {Eifler}, T.~F. and 
	{Fernandez}, E. and {Flaugher}, B. and {Fosalba}, P. and {Frieman}, J. and 
	{Garc{\'{\i}}a-Bellido}, J. and {Gaztanaga}, E. and {Gerdes}, D.~W. and 
	{Giannantonio}, T. and {Goldstein}, D.~A. and {Gruendl}, R.~A. and 
	{Gschwend}, J. and {Gutierrez}, G. and {Honscheid}, K. and {James}, D.~J. and 
	{Jeltema}, T. and {Johnson}, M.~W.~G. and {Johnson}, M.~D. and 
	{Kirk}, D. and {Krause}, E. and {Kuehn}, K. and {Kuhlmann}, S. and 
	{Lahav}, O. and {Li}, T.~S. and {Lima}, M. and {Maia}, M.~A.~G. and 
	{March}, M. and {Marshall}, J.~L. and {Martini}, P. and {Melchior}, P. and 
	{Menanteau}, F. and {Mohr}, J.~J. and {Nichol}, R.~C. and {Nord}, B. and 
	{Plazas}, A.~A. and {Romer}, A.~K. and {Roodman}, A. and {Sako}, M. and 
	{Sanchez}, E. and {Scarpine}, V. and {Schindler}, R. and {Schubnell}, M. and 
	{Sevilla-Noarbe}, I. and {Smith}, M. and {Smith}, R.~C. and 
	{Soares-Santos}, M. and {Sobreira}, F. and {Suchyta}, E. and 
	{Swanson}, M.~E.~C. and {Tarle}, G. and {Thomas}, D. and {Tucker}, D.~L. and 
	{Vikram}, V. and {Walker}, A.~R. and {Wechsler}, R.~H. and {Yanny}, B. and 
	{Zhang}, Y. and {DES Collaboration}},
    title = "{Dark Energy Survey year 1 results: Galaxy-galaxy lensing}",
  journal = {\prd},
archivePrefix = "arXiv",
   eprint = {1708.01537},
     year = 2018,
    month = aug,
   volume = 98,
   number = 4,
      eid = {042005},
    pages = {042005},
      doi = {10.1103/PhysRevD.98.042005},
   adsurl = {http://adsabs.harvard.edu/abs/2018PhRvD..98d2005P},
  adsnote = {Provided by the SAO/NASA Astrophysics Data System}
}

@ARTICLE{elvin2017,
   author = {{Elvin-Poole}, J. and {Crocce}, M. and {Ross}, A.~J. and {Giannantonio}, T. and 
	{Rozo}, E. and {Rykoff}, E.~S. and {Avila}, S. and {Banik}, N. and 
	{Blazek}, J. and {Bridle}, S.~L. and {Cawthon}, R. and {Drlica-Wagner}, A. and 
	{Friedrich}, O. and {Kokron}, N. and {Krause}, E. and {MacCrann}, N. and 
	{Prat}, J. and {S{\'a}nchez}, C. and {Secco}, L.~F. and {Sevilla-Noarbe}, I. and 
	{Troxel}, M.~A. and {Abbott}, T.~M.~C. and {Abdalla}, F.~B. and 
	{Allam}, S. and {Annis}, J. and {Asorey}, J. and {Bechtol}, K. and 
	{Becker}, M.~R. and {Benoit-L{\'e}vy}, A. and {Bernstein}, G.~M. and 
	{Bertin}, E. and {Brooks}, D. and {Buckley-Geer}, E. and {Burke}, D.~L. and 
	{Carnero Rosell}, A. and {Carollo}, D. and {Carrasco Kind}, M. and 
	{Carretero}, J. and {Castander}, F.~J. and {Cunha}, C.~E. and 
	{D'Andrea}, C.~B. and {da Costa}, L.~N. and {Davis}, T.~M. and 
	{Davis}, C. and {Desai}, S. and {Diehl}, H.~T. and {Dietrich}, J.~P. and 
	{Dodelson}, S. and {Doel}, P. and {Eifler}, T.~F. and {Evrard}, A.~E. and 
	{Fernandez}, E. and {Flaugher}, B. and {Fosalba}, P. and {Frieman}, J. and 
	{Garc{\'{\i}}a-Bellido}, J. and {Gaztanaga}, E. and {Gerdes}, D.~W. and 
	{Glazebrook}, K. and {Gruen}, D. and {Gruendl}, R.~A. and {Gschwend}, J. and 
	{Gutierrez}, G. and {Hartley}, W.~G. and {Hinton}, S.~R. and 
	{Honscheid}, K. and {Hoormann}, J.~K. and {Jain}, B. and {James}, D.~J. and 
	{Jarvis}, M. and {Jeltema}, T. and {Johnson}, M.~W.~G. and {Johnson}, M.~D. and 
	{King}, A. and {Kuehn}, K. and {Kuhlmann}, S. and {Kuropatkin}, N. and 
	{Lahav}, O. and {Lewis}, G. and {Li}, T.~S. and {Lidman}, C. and 
	{Lima}, M. and {Lin}, H. and {Macaulay}, E. and {March}, M. and 
	{Marshall}, J.~L. and {Martini}, P. and {Melchior}, P. and {Menanteau}, F. and 
	{Miquel}, R. and {Mohr}, J.~J. and {M{\"o}ller}, A. and {Nichol}, R.~C. and 
	{Nord}, B. and {O'Neill}, C.~R. and {Percival}, W.~J. and {Petravick}, D. and 
	{Plazas}, A.~A. and {Romer}, A.~K. and {Sako}, M. and {Sanchez}, E. and 
	{Scarpine}, V. and {Schindler}, R. and {Schubnell}, M. and {Sheldon}, E. and 
	{Smith}, M. and {Smith}, R.~C. and {Soares-Santos}, M. and {Sobreira}, F. and 
	{Sommer}, N.~E. and {Suchyta}, E. and {Swanson}, M.~E.~C. and 
	{Tarle}, G. and {Thomas}, D. and {Tucker}, B.~E. and {Tucker}, D.~L. and 
	{Uddin}, S.~A. and {Vikram}, V. and {Walker}, A.~R. and {Wechsler}, R.~H. and 
	{Weller}, J. and {Wester}, W. and {Wolf}, R.~C. and {Yuan}, F. and 
	{Zhang}, B. and {Zuntz}, J. and {DES Collaboration}},
    title = "{Dark Energy Survey year 1 results: Galaxy clustering for combined probes}",
  journal = {\prd},
archivePrefix = "arXiv",
   eprint = {1708.01536},
     year = 2018,
    month = aug,
   volume = 98,
   number = 4,
      eid = {042006},
    pages = {042006},
      doi = {10.1103/PhysRevD.98.042006},
   adsurl = {http://adsabs.harvard.edu/abs/2018PhRvD..98d2006E},
  adsnote = {Provided by the SAO/NASA Astrophysics Data System}
}



@ARTICLE{rozo2016,
   author = {{Rozo}, E. and {Rykoff}, E.~S. and {Abate}, A. and {Bonnett}, C. and 
	{Crocce}, M. and {Davis}, C. and {Hoyle}, B. and {Leistedt}, B. and 
	{Peiris}, H.~V. and {Wechsler}, R.~H. and {Abbott}, T. and {Abdalla}, F.~B. and 
	{Banerji}, M. and {Bauer}, A.~H. and {Benoit-L{\'e}vy}, A. and 
	{Bernstein}, G.~M. and {Bertin}, E. and {Brooks}, D. and {Buckley-Geer}, E. and 
	{Burke}, D.~L. and {Capozzi}, D. and {Rosell}, A.~C. and {Carollo}, D. and 
	{Kind}, M.~C. and {Carretero}, J. and {Castander}, F.~J. and 
	{Childress}, M.~J. and {Cunha}, C.~E. and {D'Andrea}, C.~B. and 
	{Davis}, T. and {DePoy}, D.~L. and {Desai}, S. and {Diehl}, H.~T. and 
	{Dietrich}, J.~P. and {Doel}, P. and {Eifler}, T.~F. and {Evrard}, A.~E. and 
	{Neto}, A.~F. and {Flaugher}, B. and {Fosalba}, P. and {Frieman}, J. and 
	{Gaztanaga}, E. and {Gerdes}, D.~W. and {Glazebrook}, K. and 
	{Gruen}, D. and {Gruendl}, R.~A. and {Honscheid}, K. and {James}, D.~J. and 
	{Jarvis}, M. and {Kim}, A.~G. and {Kuehn}, K. and {Kuropatkin}, N. and 
	{Lahav}, O. and {Lidman}, C. and {Lima}, M. and {Maia}, M.~A.~G. and 
	{March}, M. and {Martini}, P. and {Melchior}, P. and {Miller}, C.~J. and 
	{Miquel}, R. and {Mohr}, J.~J. and {Nichol}, R.~C. and {Nord}, B. and 
	{O'Neill}, C.~R. and {Ogando}, R. and {Plazas}, A.~A. and {Romer}, A.~K. and 
	{Roodman}, A. and {Sako}, M. and {Sanchez}, E. and {Santiago}, B. and 
	{Schubnell}, M. and {Sevilla-Noarbe}, I. and {Smith}, R.~C. and 
	{Soares-Santos}, M. and {Sobreira}, F. and {Suchyta}, E. and 
	{Swanson}, M.~E.~C. and {Thaler}, J. and {Thomas}, D. and {Uddin}, S. and 
	{Vikram}, V. and {Walker}, A.~R. and {Wester}, W. and {Zhang}, Y. and 
	{da Costa}, L.~N.},
    title = "{redMaGiC: selecting luminous red galaxies from the DES Science Verification data}",
  journal = {\mnras},
archivePrefix = "arXiv",
   eprint = {1507.05460},
 primaryClass = "astro-ph.IM",
 keywords = {methods: statistical, techniques: photometric, galaxies: general},
     year = 2016,
    month = sep,
   volume = 461,
    pages = {1431-1450},
      doi = {10.1093/mnras/stw1281},
   adsurl = {http://adsabs.harvard.edu/abs/2016MNRAS.461.1431R},
  adsnote = {Provided by the SAO/NASA Astrophysics Data System}
}

@ARTICLE{davis2017,
   author = {{Davis}, C. and {Gatti}, M. and {Vielzeuf}, P. and {Cawthon}, R. and 
	{Rozo}, E. and {Alarcon}, A. and {Bernstein}, G.~M. and {Bonnett}, C. and 
	{Carnero Rosell}, A. and {Castander}, F.~J. and {Chang}, C. and 
	{da Costa}, L.~N. and {Davis}, T.~M. and {De Vicente}, J. and 
	{DeRose}, J. and {Drlica-Wagner}, A. and {Elvin-Poole}, J. and 
	{Gaztanaga}, E. and {Gruen}, D. and {Gschwend}, J. and {Hartley}, W.~G. and 
	{Hoyle}, B. and {Lin}, H. and {Maia}, M.~A.~G. and {Miquel}, R. and 
	{Ogando}, R.~L.~C. and {Rau}, M.~M. and {Roodman}, A. and {Rykoff}, E.~S. and 
	{Sevilla-Noarbe}, I. and {Troxel}, M.~A. and {Wechsler}, R.~H. and 
	{Abbott}, T.~M.~C. and {Abdalla}, F.~B. and {Allam}, S. and 
	{Annis}, J. and {Bechtol}, K. and {Benoit-L{\'e}vy}, A. and 
	{Brooks}, D. and {Buckley-Geer}, E. and {Burke}, D.~L. and {Carrasco Kind}, M. and 
	{Carretero}, J. and {Crocce}, M. and {Cunha}, C.~E. and {Desai}, S. and 
	{Diehl}, H.~T. and {Doel}, P. and {Eifler}, T.~F. and {Flaugher}, B. and 
	{Frieman}, J. and {Garc{\'{\i}}a-Bellido}, J. and {Gerdes}, D.~W. and 
	{Gruendl}, R.~A. and {Gutierrez}, G. and {Honscheid}, K. and 
	{James}, D.~J. and {Jeltema}, T. and {Krause}, E. and {Kron}, R. and 
	{Kuehn}, K. and {Kuropatkin}, N. and {Lahav}, O. and {Lima}, M. and 
	{March}, M. and {Marshall}, J.~L. and {Menanteau}, F. and {Nichol}, R.~C. and 
	{Nord}, B. and {Plazas}, A.~A. and {Sanchez}, E. and {Scarpine}, V. and 
	{Schindler}, R. and {Smith}, M. and {Soares-Santos}, M. and 
	{Sobreira}, F. and {Suchyta}, E. and {Swanson}, M.~E.~C. and 
	{Tarle}, G. and {Thomas}, D. and {Tucker}, D.~L. and {Vikram}, V. and 
	{Walker}, A.~R. and {Zuntz}, J.},
    title = "{Dark Energy Survey Year 1 Results: Cross-Correlation Redshifts in the DES -- Calibration of the Weak Lensing Source Redshift Distributions}",
  journal = {ArXiv e-prints},
archivePrefix = "arXiv",
   eprint = {1710.02517},
 keywords = {Astrophysics - Cosmology and Nongalactic Astrophysics},
     year = 2017,
    month = oct,
   adsurl = {http://adsabs.harvard.edu/abs/2017arXiv171002517D},
  adsnote = {Provided by the SAO/NASA Astrophysics Data System}
}


@ARTICLE{clampitt2017,
   author = {{Clampitt}, J. and {S{\'a}nchez}, C. and {Kwan}, J. and {Krause}, E. and 
	{MacCrann}, N. and {Park}, Y. and {Troxel}, M.~A. and {Jain}, B. and 
	{Rozo}, E. and {Rykoff}, E.~S. and {Wechsler}, R.~H. and {Blazek}, J. and 
	{Bonnett}, C. and {Crocce}, M. and {Fang}, Y. and {Gaztanaga}, E. and 
	{Gruen}, D. and {Jarvis}, M. and {Miquel}, R. and {Prat}, J. and 
	{Ross}, A.~J. and {Sheldon}, E. and {Zuntz}, J. and {Abbott}, T.~M.~C. and 
	{Abdalla}, F.~B. and {Armstrong}, R. and {Becker}, M.~R. and 
	{Benoit-L{\'e}vy}, A. and {Bernstein}, G.~M. and {Bertin}, E. and 
	{Brooks}, D. and {Burke}, D.~L. and {Carnero Rosell}, A. and 
	{Carrasco Kind}, M. and {Cunha}, C.~E. and {D'Andrea}, C.~B. and 
	{da Costa}, L.~N. and {Desai}, S. and {Diehl}, H.~T. and {Dietrich}, J.~P. and 
	{Doel}, P. and {Estrada}, J. and {Evrard}, A.~E. and {Fausti Neto}, A. and 
	{Flaugher}, B. and {Fosalba}, P. and {Frieman}, J. and {Gruendl}, R.~A. and 
	{Honscheid}, K. and {James}, D.~J. and {Kuehn}, K. and {Kuropatkin}, N. and 
	{Lahav}, O. and {Lima}, M. and {March}, M. and {Marshall}, J.~L. and 
	{Martini}, P. and {Melchior}, P. and {Mohr}, J.~J. and {Nichol}, R.~C. and 
	{Nord}, B. and {Plazas}, A.~A. and {Romer}, A.~K. and {Sanchez}, E. and 
	{Scarpine}, V. and {Schubnell}, M. and {Sevilla-Noarbe}, I. and 
	{Smith}, R.~C. and {Soares-Santos}, M. and {Sobreira}, F. and 
	{Suchyta}, E. and {Swanson}, M.~E.~C. and {Tarle}, G. and {Thomas}, D. and 
	{Vikram}, V. and {Walker}, A.~R.},
    title = "{Galaxy-galaxy lensing in the Dark Energy Survey Science Verification data}",
  journal = {\mnras},
archivePrefix = "arXiv",
   eprint = {1603.05790},
 keywords = {gravitational lensing: weak, galaxies: haloes},
     year = 2017,
    month = mar,
   volume = 465,
    pages = {4204-4218},
      doi = {10.1093/mnras/stw2988},
   adsurl = {http://adsabs.harvard.edu/abs/2017MNRAS.465.4204C},
  adsnote = {Provided by the SAO/NASA Astrophysics Data System}
}

@ARTICLE{cawthon2017,
   author = {{Cawthon}, R. and {Davis}, C. and {Gatti}, M. and {Vielzeuf}, P. and 
	{Elvin-Poole}, J. and {Rozo}, E. and {Frieman}, J. and {Rykoff}, E.~S. and 
	{Alarcon}, A. and {Bernstein}, G.~M. and {Bonnett}, C. and {Carnero Rosell}, A. and 
	{Castander}, F.~J. and {Chang}, C. and {da Costa}, L.~N. and 
	{De Vicente}, J. and {DeRose}, J. and {Drlica-Wagner}, A. and 
	{Gaztanaga}, E. and {Giannantonio}, T. and {Gruen}, D. and {Gschwend}, J. and 
	{Hartley}, W.~G. and {Hoyle}, B. and {Lin}, H. and {Maia}, M.~A.~G. and 
	{Miquel}, R. and {Ogando}, R.~L.~C. and {Rau}, M.~M. and {Roodman}, A. and 
	{Ross}, A.~J. and {Sevilla-Noarbe}, I. and {Troxel}, M.~A. and 
	{Wechsler}, R.~H. and {Abbott}, T.~M.~C. and {Abdalla}, F.~B. and 
	{Allam}, S. and {Annis}, J. and {Avila}, S. and {Banerji}, M. and 
	{Bechtol}, K. and {Bernstein}, R.~A. and {Bertin}, E. and {Brooks}, D. and 
	{Burke}, D.~L. and {Carrasco Kind}, M. and {Carretero}, J. and 
	{Cunha}, C.~E. and {D'Andrea}, C.~B. and {DePoy}, D.~L. and 
	{Desai}, S. and {Diehl}, H.~T. and {Doel}, P. and {Eifler}, T.~F. and 
	{Evrard}, A.~E. and {Flaugher}, B. and {Fosalba}, P. and {Garc{\'{\i}}a-Bellido}, J. and 
	{Gerdes}, D.~W. and {Gruendl}, R.~A. and {Gutierrez}, G. and 
	{Hollowood}, D. and {Honscheid}, K. and {James}, D.~J. and {Jeltema}, T. and 
	{Krause}, E. and {Kuehn}, K. and {Kuhlmann}, S. and {Kuropatkin}, N. and 
	{Lahav}, O. and {Lima}, M. and {Marshall}, J.~L. and {Martini}, P. and 
	{Menanteau}, F. and {Miller}, C.~J. and {Plazas}, A.~A. and 
	{Sanchez}, E. and {Scarpine}, V. and {Schindler}, R. and {Schubnell}, M. and 
	{Sheldon}, E. and {Smith}, M. and {Smith}, R.~C. and {Soares-Santos}, M. and 
	{Sobreira}, F. and {Suchyta}, E. and {Swanson}, M.~E.~C. and 
	{Tarle}, G. and {Thomas}, D. and {Tucker}, D.~L. and {Walker}, A.~R. and 
	{DES Collaboration}},
    title = "{Dark Energy Survey Year 1 Results: calibration of redMaGiC redshift distributions in DES and SDSS from cross-correlations}",
  journal = {\mnras},
archivePrefix = "arXiv",
   eprint = {1712.07298},
 keywords = {surveys, galaxies: distances and redshifts, large-scale structure of Universe},
     year = 2018,
    month = dec,
   volume = 481,
    pages = {2427-2443},
      doi = {10.1093/mnras/sty2424},
   adsurl = {http://adsabs.harvard.edu/abs/2018MNRAS.481.2427C},
  adsnote = {Provided by the SAO/NASA Astrophysics Data System}
}

################### method ###################################

@ARTICLE{xd_paper,
   author = {{Bovy}, J. and {Hogg}, D.~W. and {Roweis}, S.~T.},
    title = "{Extreme deconvolution: Inferring complete distribution functions from noisy, heterogeneous and incomplete observations}",
  journal = {Annals of Applied Statistics},
archivePrefix = "arXiv",
   eprint = {0905.2979},
 primaryClass = "stat.ME",
 keywords = {Bayesian inference, density estimation, Expectation-maximization, missing data, multivariate estimation, noise },
     year = 2011,
    month = jun,
   volume = 5,
      doi = {10.1214/10-AOAS439},
   adsurl = {http://adsabs.harvard.edu/abs/2011AnApS...5.1657B},
  adsnote = {Provided by the SAO/NASA Astrophysics Data System}
}

@MISC{xd_code,
   author = {{Bovy}, J. and {Hogg}, D.~W. and {Roweis}, S.~T.},
    title = "{Extreme Deconvolution: Density Estimation using Gaussian Mixtures in the Presence of Noisy, Heterogeneous and Incomplete Data}",
 keywords = {Software},
howpublished = {Astrophysics Source Code Library},
     year = 2010,
    month = oct,
archivePrefix = "ascl",
   eprint = {1010.032},
   adsurl = {http://adsabs.harvard.edu/abs/2010ascl.soft10032B},
  adsnote = {Provided by the SAO/NASA Astrophysics Data System}
}

@MISC{astroml,
   author = {{VanderPlas}, J. and {Fouesneau}, M. and {Taylor}, J.},
    title = "{AstroML: Machine learning and data mining in astronomy}",
 keywords = {Software },
howpublished = {Astrophysics Source Code Library},
     year = 2014,
    month = jul,
archivePrefix = "ascl",
   eprint = {1407.018},
   adsurl = {http://adsabs.harvard.edu/abs/2014ascl.soft07018V},
  adsnote = {Provided by the SAO/NASA Astrophysics Data System}
}

@ARTICLE{astropy_paper,
   author = {{Astropy Collaboration} and {Robitaille}, T.~P. and {Tollerud}, E.~J. and 
	{Greenfield}, P. and {Droettboom}, M. and {Bray}, E. and {Aldcroft}, T. and 
	{Davis}, M. and {Ginsburg}, A. and {Price-Whelan}, A.~M. and 
	{Kerzendorf}, W.~E. and {Conley}, A. and {Crighton}, N. and 
	{Barbary}, K. and {Muna}, D. and {Ferguson}, H. and {Grollier}, F. and 
	{Parikh}, M.~M. and {Nair}, P.~H. and {Unther}, H.~M. and {Deil}, C. and 
	{Woillez}, J. and {Conseil}, S. and {Kramer}, R. and {Turner}, J.~E.~H. and 
	{Singer}, L. and {Fox}, R. and {Weaver}, B.~A. and {Zabalza}, V. and 
	{Edwards}, Z.~I. and {Azalee Bostroem}, K. and {Burke}, D.~J. and 
	{Casey}, A.~R. and {Crawford}, S.~M. and {Dencheva}, N. and 
	{Ely}, J. and {Jenness}, T. and {Labrie}, K. and {Lim}, P.~L. and 
	{Pierfederici}, F. and {Pontzen}, A. and {Ptak}, A. and {Refsdal}, B. and 
	{Servillat}, M. and {Streicher}, O.},
    title = "{Astropy: A community Python package for astronomy}",
  journal = {\aap},
archivePrefix = "arXiv",
   eprint = {1307.6212},
 primaryClass = "astro-ph.IM",
 keywords = {methods: data analysis, methods: miscellaneous, virtual observatory tools},
     year = 2013,
    month = oct,
   volume = 558,
      eid = {A33},
    pages = {A33},
      doi = {10.1051/0004-6361/201322068},
   adsurl = {http://adsabs.harvard.edu/abs/2013A%26A...558A..33A},
  adsnote = {Provided by the SAO/NASA Astrophysics Data System}
}

@MISC{astropy_code,
   author = {{Greenfield}, P. and {Robitaille}, T. and {Tollerud}, E. and 
	{Aldcroft}, T. and {Barbary}, K. and {Barrett}, P. and {Bray}, E. and 
	{Crighton}, N. and {Conley}, A. and {Conseil}, S. and {Davis}, M. and 
	{Deil}, C. and {Dencheva}, N. and {Droettboom}, M. and {Ferguson}, H. and 
	{Ginsburg}, A. and {Grollier}, F. and {Moritz G{\"u}nther}, H. and 
	{Hanley}, C. and {Hsu}, J.~C. and {Kerzendorf}, W. and {Kramer}, R. and 
	{Lian Lim}, P. and {Muna}, D. and {Nair}, P. and {Price-Whelan}, A. and 
	{Shiga}, D. and {Singer}, L. and {Taylor}, J. and {Turner}, J. and 
	{Woillez}, J. and {Zabalza}, V.},
    title = "{Astropy: Community Python library for astronomy}",
 keywords = {Software },
howpublished = {Astrophysics Source Code Library},
     year = 2013,
    month = apr,
archivePrefix = "ascl",
   eprint = {1304.002},
   adsurl = {http://adsabs.harvard.edu/abs/2013ascl.soft04002G},
  adsnote = {Provided by the SAO/NASA Astrophysics Data System}
}

################### intrinsic alignments ########################

@ARTICLE{hirata2004,
   author = {{Hirata}, C.~M. and {Seljak}, U.},
    title = "{Intrinsic alignment-lensing interference as a contaminant of cosmic shear}",
  journal = {\prd},
   eprint = {astro-ph/0406275},
 keywords = {Observational cosmology, Galactic halos, Gravitational lenses and luminous arcs},
     year = 2004,
    month = sep,
   volume = 70,
   number = 6,
      eid = {063526},
    pages = {063526},
      doi = {10.1103/PhysRevD.70.063526},
   adsurl = {http://adsabs.harvard.edu/abs/2004PhRvD..70f3526H},
  adsnote = {Provided by the SAO/NASA Astrophysics Data System}
}

@ARTICLE{kirk2015,
   author = {{Kirk}, D. and {Brown}, M.~L. and {Hoekstra}, H. and {Joachimi}, B. and 
	{Kitching}, T.~D. and {Mandelbaum}, R. and {Sif{\'o}n}, C. and 
	{Cacciato}, M. and {Choi}, A. and {Kiessling}, A. and {Leonard}, A. and 
	{Rassat}, A. and {Sch{\"a}fer}, B.~M.},
    title = "{Galaxy Alignments: Observations and Impact on Cosmology}",
  journal = {\ssr},
archivePrefix = "arXiv",
   eprint = {1504.05465},
 keywords = {Galaxies: evolution, Galaxies: haloes, Galaxies: interactions, Large-scale structure of Universe, Gravitational lensing: weak},
     year = 2015,
    month = nov,
   volume = 193,
    pages = {139-211},
      doi = {10.1007/s11214-015-0213-4},
   adsurl = {http://adsabs.harvard.edu/abs/2015SSRv..193..139K},
  adsnote = {Provided by the SAO/NASA Astrophysics Data System}
}

@ARTICLE{singh2015,
   author = {{Singh}, S. and {Mandelbaum}, R. and {More}, S.},
    title = "{Intrinsic alignments of SDSS-III BOSS LOWZ sample galaxies}",
  journal = {\mnras},
archivePrefix = "arXiv",
   eprint = {1411.1755},
 keywords = {gravitational lensing: weak, galaxies: evolution, cosmology: observations, large-scale structure of Universe},
     year = 2015,
    month = jun,
   volume = 450,
    pages = {2195-2216},
      doi = {10.1093/mnras/stv778},
   adsurl = {http://adsabs.harvard.edu/abs/2015MNRAS.450.2195S},
  adsnote = {Provided by the SAO/NASA Astrophysics Data System}
}

@ARTICLE{joachimi2011,
   author = {{Joachimi}, B. and {Mandelbaum}, R. and {Abdalla}, F.~B. and 
	{Bridle}, S.~L.},
    title = "{Constraints on intrinsic alignment contamination of weak lensing surveys using the MegaZ-LRG sample}",
  journal = {\aap},
archivePrefix = "arXiv",
   eprint = {1008.3491},
 primaryClass = "astro-ph.CO",
 keywords = {cosmology: observations, gravitational lensing: weak, large-scale structure of Universe, cosmological parameters, galaxies: evolution},
     year = 2011,
    month = mar,
   volume = 527,
      eid = {A26},
    pages = {A26},
      doi = {10.1051/0004-6361/201015621},
   adsurl = {http://adsabs.harvard.edu/abs/2011A%26A...527A..26J},
  adsnote = {Provided by the SAO/NASA Astrophysics Data System}
}

@ARTICLE{joachimi2010,
   author = {{Joachimi}, B. and {Bridle}, S.~L.},
    title = "{Simultaneous measurement of cosmology and intrinsic alignments using joint cosmic shear and galaxy number density correlations}",
  journal = {\aap},
archivePrefix = "arXiv",
   eprint = {0911.2454},
 keywords = {cosmology: theory, gravitational lensing: weak, large-scale structure of the Universe, cosmological parameters, methods: data analysis},
     year = 2010,
    month = nov,
   volume = 523,
      eid = {A1},
    pages = {A1},
      doi = {10.1051/0004-6361/200913657},
   adsurl = {http://adsabs.harvard.edu/abs/2010A%26A...523A...1J},
  adsnote = {Provided by the SAO/NASA Astrophysics Data System}
}

@ARTICLE{joachimi2009,
   author = {{Joachimi}, B. and {Schneider}, P.},
    title = "{The removal of shear-ellipticity correlations from the cosmic shear signal. Influence of photometric redshift errors on the nulling technique}",
  journal = {\aap},
archivePrefix = "arXiv",
   eprint = {0905.0393},
 primaryClass = "astro-ph.CO",
 keywords = {cosmology: theory, gravitational lensing, large-scale structure of Universe, cosmological parameters, methods: data analysis},
     year = 2009,
    month = nov,
   volume = 507,
    pages = {105-129},
      doi = {10.1051/0004-6361/200912420},
   adsurl = {http://adsabs.harvard.edu/abs/2009A%26A...507..105J},
  adsnote = {Provided by the SAO/NASA Astrophysics Data System}
}

@ARTICLE{fastsound2017,
   author = {{Tonegawa}, M. and {Okumura}, T. and {Totani}, T. and {Dalton}, G. and 
	{Glazebrook}, K. and {Yabe}, K.},
    title = "{The Subaru FMOS galaxy redshift survey (FastSound). V. Intrinsic alignments of emission-line galaxies at z {\tilde} 1.4}",
  journal = {\pasj},
archivePrefix = "arXiv",
   eprint = {1708.02224},
 keywords = {cosmology: large-scale structure of universe, cosmology: observations, galaxies: evolution, gravitational lensing: weak, methods: data analysis},
     year = 2018,
    month = jun,
   volume = 70,
      eid = {41},
    pages = {41},
      doi = {10.1093/pasj/psy030},
   adsurl = {http://adsabs.harvard.edu/abs/2018PASJ...70...41T},
  adsnote = {Provided by the SAO/NASA Astrophysics Data System}
}

@ARTICLE{mandelbaum2011,
   author = {{Mandelbaum}, R. and {Blake}, C. and {Bridle}, S. and {Abdalla}, F.~B. and 
	{Brough}, S. and {Colless}, M. and {Couch}, W. and {Croom}, S. and 
	{Davis}, T. and {Drinkwater}, M.~J. and {Forster}, K. and {Glazebrook}, K. and 
	{Jelliffe}, B. and {Jurek}, R.~J. and {Li}, I.-H. and {Madore}, B. and 
	{Martin}, C. and {Pimbblet}, K. and {Poole}, G.~B. and {Pracy}, M. and 
	{Sharp}, R. and {Wisnioski}, E. and {Woods}, D. and {Wyder}, T.
	},
    title = "{The WiggleZ Dark Energy Survey: direct constraints on blue galaxy intrinsic alignments at intermediate redshifts}",
  journal = {\mnras},
archivePrefix = "arXiv",
   eprint = {0911.5347},
 keywords = {gravitational lensing: weak, galaxies: evolution, cosmology: observations, large-scale structure of Universe},
     year = 2011,
    month = jan,
   volume = 410,
    pages = {844-859},
      doi = {10.1111/j.1365-2966.2010.17485.x},
   adsurl = {http://adsabs.harvard.edu/abs/2011MNRAS.410..844M},
  adsnote = {Provided by the SAO/NASA Astrophysics Data System}
}

@ARTICLE{speagle2016,
   author = {{Speagle}, J.~S. and {Capak}, P.~L. and {Eisenstein}, D.~J. and 
	{Masters}, D.~C. and {Steinhardt}, C.~L.},
    title = "{Exploring photometric redshifts as an optimization problem: an ensemble MCMC and simulated annealing-driven template-fitting approach}",
  journal = {\mnras},
archivePrefix = "arXiv",
   eprint = {1508.02484},
 keywords = {methods: statistical, techniques: photometric, galaxies: distances and redshifts},
     year = 2016,
    month = oct,
   volume = 461,
    pages = {3432-3442},
      doi = {10.1093/mnras/stw1503},
   adsurl = {http://adsabs.harvard.edu/abs/2016MNRAS.461.3432S},
  adsnote = {Provided by the SAO/NASA Astrophysics Data System}
}

@ARTICLE{masters2015,
   author = {{Masters}, D. and {Capak}, P. and {Stern}, D. and {Ilbert}, O. and 
	{Salvato}, M. and {Schmidt}, S. and {Longo}, G. and {Rhodes}, J. and 
	{Paltani}, S. and {Mobasher}, B. and {Hoekstra}, H. and {Hildebrandt}, H. and 
	{Coupon}, J. and {Steinhardt}, C. and {Speagle}, J. and {Faisst}, A. and 
	{Kalinich}, A. and {Brodwin}, M. and {Brescia}, M. and {Cavuoti}, S.
	},
    title = "{Mapping the Galaxy Color-Redshift Relation: Optimal Photometric Redshift Calibration Strategies for Cosmology Surveys}",
  journal = {\apj},
archivePrefix = "arXiv",
   eprint = {1509.03318},
 keywords = {dark energy, dark matter, galaxies: distances and redshifts, large-scale structure of universe, methods: statistical},
     year = 2015,
    month = nov,
   volume = 813,
      eid = {53},
    pages = {53},
      doi = {10.1088/0004-637X/813/1/53},
   adsurl = {http://adsabs.harvard.edu/abs/2015ApJ...813...53M},
  adsnote = {Provided by the SAO/NASA Astrophysics Data System}
}

@ARTICLE{boris2017,
   author = {{Leistedt}, B. and {Hogg}, D.~W.},
    title = "{Data-driven, Interpretable Photometric Redshifts Trained on Heterogeneous and Unrepresentative Data}",
  journal = {\apj},
archivePrefix = "arXiv",
   eprint = {1612.00847},
 keywords = {galaxies: distances and redshifts, large-scale structure of universe, 98.62.Py, 98.80.Es},
     year = 2017,
    month = mar,
   volume = 838,
      eid = {5},
    pages = {5},
      doi = {10.3847/1538-4357/aa6332},
   adsurl = {http://adsabs.harvard.edu/abs/2017ApJ...838....5L},
  adsnote = {Provided by the SAO/NASA Astrophysics Data System}
}


@ARTICLE{bonnet2016,
   author = {{Bonnett}, C. and {Troxel}, M.~A. and {Hartley}, W. and {Amara}, A. and 
	{Leistedt}, B. and {Becker}, M.~R. and {Bernstein}, G.~M. and 
	{Bridle}, S.~L. and {Bruderer}, C. and {Busha}, M.~T. and {Carrasco Kind}, M. and 
	{Childress}, M.~J. and {Castander}, F.~J. and {Chang}, C. and 
	{Crocce}, M. and {Davis}, T.~M. and {Eifler}, T.~F. and {Frieman}, J. and 
	{Gangkofner}, C. and {Gaztanaga}, E. and {Glazebrook}, K. and 
	{Gruen}, D. and {Kacprzak}, T. and {King}, A. and {Kwan}, J. and 
	{Lahav}, O. and {Lewis}, G. and {Lidman}, C. and {Lin}, H. and 
	{MacCrann}, N. and {Miquel}, R. and {O'Neill}, C.~R. and {Palmese}, A. and 
	{Peiris}, H.~V. and {Refregier}, A. and {Rozo}, E. and {Rykoff}, E.~S. and 
	{Sadeh}, I. and {S{\'a}nchez}, C. and {Sheldon}, E. and {Uddin}, S. and 
	{Wechsler}, R.~H. and {Zuntz}, J. and {Abbott}, T. and {Abdalla}, F.~B. and 
	{Allam}, S. and {Armstrong}, R. and {Banerji}, M. and {Bauer}, A.~H. and 
	{Benoit-L{\'e}vy}, A. and {Bertin}, E. and {Brooks}, D. and 
	{Buckley-Geer}, E. and {Burke}, D.~L. and {Capozzi}, D. and 
	{Carnero Rosell}, A. and {Carretero}, J. and {Cunha}, C.~E. and 
	{D'Andrea}, C.~B. and {da Costa}, L.~N. and {DePoy}, D.~L. and 
	{Desai}, S. and {Diehl}, H.~T. and {Dietrich}, J.~P. and {Doel}, P. and 
	{Fausti Neto}, A. and {Fernandez}, E. and {Flaugher}, B. and 
	{Fosalba}, P. and {Gerdes}, D.~W. and {Gruendl}, R.~A. and {Honscheid}, K. and 
	{Jain}, B. and {James}, D.~J. and {Jarvis}, M. and {Kim}, A.~G. and 
	{Kuehn}, K. and {Kuropatkin}, N. and {Li}, T.~S. and {Lima}, M. and 
	{Maia}, M.~A.~G. and {March}, M. and {Marshall}, J.~L. and {Martini}, P. and 
	{Melchior}, P. and {Miller}, C.~J. and {Neilsen}, E. and {Nichol}, R.~C. and 
	{Nord}, B. and {Ogando}, R. and {Plazas}, A.~A. and {Reil}, K. and 
	{Romer}, A.~K. and {Roodman}, A. and {Sako}, M. and {Sanchez}, E. and 
	{Santiago}, B. and {Smith}, R.~C. and {Soares-Santos}, M. and 
	{Sobreira}, F. and {Suchyta}, E. and {Swanson}, M.~E.~C. and 
	{Tarle}, G. and {Thaler}, J. and {Thomas}, D. and {Vikram}, V. and 
	{Walker}, A.~R. and {Dark Energy Survey Collaboration}},
    title = "{Redshift distributions of galaxies in the Dark Energy Survey Science Verification shear catalogue and implications for weak lensing}",
  journal = {\prd},
archivePrefix = "arXiv",
   eprint = {1507.05909},
     year = 2016,
    month = aug,
   volume = 94,
   number = 4,
      eid = {042005},
    pages = {042005},
      doi = {10.1103/PhysRevD.94.042005},
   adsurl = {http://adsabs.harvard.edu/abs/2016PhRvD..94d2005B},
  adsnote = {Provided by the SAO/NASA Astrophysics Data System}
}


@ARTICLE{hoyle2017,
   author = {{Hoyle}, B. and {Gruen}, D. and {Bernstein}, G.~M. and {Rau}, M.~M. and 
	{De Vicente}, J. and {Hartley}, W.~G. and {Gaztanaga}, E. and 
	{DeRose}, J. and {Troxel}, M.~A. and {Davis}, C. and {Alarcon}, A. and 
	{MacCrann}, N. and {Prat}, J. and {S{\'a}nchez}, C. and {Sheldon}, E. and 
	{Wechsler}, R.~H. and {Asorey}, J. and {Becker}, M.~R. and {Bonnett}, C. and 
	{Carnero Rosell}, A. and {Carollo}, D. and {Carrasco Kind}, M. and 
	{Castander}, F.~J. and {Cawthon}, R. and {Chang}, C. and {Childress}, M. and 
	{Davis}, T.~M. and {Drlica-Wagner}, A. and {Gatti}, M. and {Glazebrook}, K. and 
	{Gschwend}, J. and {Hinton}, S.~R. and {Hoormann}, J.~K. and 
	{Kim}, A.~G. and {King}, A. and {Kuehn}, K. and {Lewis}, G. and 
	{Lidman}, C. and {Lin}, H. and {Macaulay}, E. and {Maia}, M.~A.~G. and 
	{Martini}, P. and {Mudd}, D. and {M{\"o}ller}, A. and {Nichol}, R.~C. and 
	{Ogando}, R.~L.~C. and {Rollins}, R.~P. and {Roodman}, A. and 
	{Ross}, A.~J. and {Rozo}, E. and {Rykoff}, E.~S. and {Samuroff}, S. and 
	{Sevilla-Noarbe}, I. and {Sharp}, R. and {Sommer}, N.~E. and 
	{Tucker}, B.~E. and {Uddin}, S.~A. and {Varga}, T.~N. and {Vielzeuf}, P. and 
	{Yuan}, F. and {Zhang}, B. and {Abbott}, T.~M.~C. and {Abdalla}, F.~B. and 
	{Allam}, S. and {Annis}, J. and {Bechtol}, K. and {Benoit-L{\'e}vy}, A. and 
	{Bertin}, E. and {Brooks}, D. and {Buckley-Geer}, E. and {Burke}, D.~L. and 
	{Busha}, M.~T. and {Capozzi}, D. and {Carretero}, J. and {Crocce}, M. and 
	{D'Andrea}, C.~B. and {da Costa}, L.~N. and {DePoy}, D.~L. and 
	{Desai}, S. and {Diehl}, H.~T. and {Doel}, P. and {Eifler}, T.~F. and 
	{Estrada}, J. and {Evrard}, A.~E. and {Fernandez}, E. and {Flaugher}, B. and 
	{Fosalba}, P. and {Frieman}, J. and {Garc{\'{\i}}a-Bellido}, J. and 
	{Gerdes}, D.~W. and {Giannantonio}, T. and {Goldstein}, D.~A. and 
	{Gruendl}, R.~A. and {Gutierrez}, G. and {Honscheid}, K. and 
	{James}, D.~J. and {Jarvis}, M. and {Jeltema}, T. and {Johnson}, M.~W.~G. and 
	{Johnson}, M.~D. and {Kirk}, D. and {Krause}, E. and {Kuhlmann}, S. and 
	{Kuropatkin}, N. and {Lahav}, O. and {Li}, T.~S. and {Lima}, M. and 
	{March}, M. and {Marshall}, J.~L. and {Melchior}, P. and {Menanteau}, F. and 
	{Miquel}, R. and {Nord}, B. and {O'Neill}, C.~R. and {Plazas}, A.~A. and 
	{Romer}, A.~K. and {Sako}, M. and {Sanchez}, E. and {Santiago}, B. and 
	{Scarpine}, V. and {Schindler}, R. and {Schubnell}, M. and {Smith}, M. and 
	{Smith}, R.~C. and {Soares-Santos}, M. and {Sobreira}, F. and 
	{Suchyta}, E. and {Swanson}, M.~E.~C. and {Tarle}, G. and {Thomas}, D. and 
	{Tucker}, D.~L. and {Vikram}, V. and {Walker}, A.~R. and {Weller}, J. and 
	{Wester}, W. and {Wolf}, R.~C. and {Yanny}, B. and {Zuntz}, J.
	},
    title = "{Dark Energy Survey Year 1 Results: Redshift distributions of the weak lensing source galaxies}",
  journal = {ArXiv e-prints},
archivePrefix = "arXiv",
   eprint = {1708.01532},
 keywords = {Astrophysics - Cosmology and Nongalactic Astrophysics},
     year = 2017,
    month = aug,
   adsurl = {http://adsabs.harvard.edu/abs/2017arXiv170801532H},
  adsnote = {Provided by the SAO/NASA Astrophysics Data System}
}


@article{bpz1999,
   author = {{Ben{\'{\i}}tez}, N.},
    title = "{Bayesian Photometric Redshift Estimation}",
  journal = {\apj},
   eprint = {astro-ph/9811189},
 keywords = {Galaxies: Distances and Redshifts, Galaxies: Photometry, Methods: Statistical},
     year = 2000,
    month = jun,
   volume = 536,
    pages = {571-583},
      doi = {10.1086/308947},
   adsurl = {http://adsabs.harvard.edu/abs/2000ApJ...536..571B},
  adsnote = {Provided by the SAO/NASA Astrophysics Data System}
}

##################### redsq #################


@ARTICLE{hao2009,
   author = {{Hao}, J. and {Koester}, B.~P. and {Mckay}, T.~A. and {Rykoff}, E.~S. and 
	{Rozo}, E. and {Evrard}, A. and {Annis}, J. and {Becker}, M. and 
	{Busha}, M. and {Gerdes}, D. and {Johnston}, D.~E. and {Sheldon}, E. and 
	{Wechsler}, R.~H.},
    title = "{Precision Measurements of the Cluster Red Sequence Using an Error-Corrected Gaussian Mixture Model}",
  journal = {\apj},
archivePrefix = "arXiv",
   eprint = {0907.4383},
 primaryClass = "astro-ph.CO",
 keywords = {cosmology: observations, galaxies: clusters: general, methods: data analysis},
     year = 2009,
    month = sep,
   volume = 702,
    pages = {745-758},
      doi = {10.1088/0004-637X/702/1/745},
   adsurl = {http://adsabs.harvard.edu/abs/2009ApJ...702..745H},
  adsnote = {Provided by the SAO/NASA Astrophysics Data System}
}

@ARTICLE{sifon2015,
   author = {{Sif{\'o}n}, C. and {Hoekstra}, H. and {Cacciato}, M. and {Viola}, M. and 
	{K{\"o}hlinger}, F. and {van der Burg}, R.~F.~J. and {Sand}, D.~J. and 
	{Graham}, M.~L.},
    title = "{Constraints on the alignment of galaxies in galaxy clusters from \~{}14 000 spectroscopic members}",
  journal = {\aap},
archivePrefix = "arXiv",
   eprint = {1406.5196},
 keywords = {galaxies: clusters: general, galaxies: interactions, gravitational, lensing: weak, cosmology: observations},
     year = 2015,
    month = mar,
   volume = 575,
      eid = {A48},
    pages = {A48},
      doi = {10.1051/0004-6361/201424435},
   adsurl = {http://adsabs.harvard.edu/abs/2015A%26A...575A..48S},
  adsnote = {Provided by the SAO/NASA Astrophysics Data System}
}

############## datasets ############

@ARTICLE{kids,
   author = {{de Jong}, J.~T.~A. and {Verdoes Kleijn}, G.~A. and {Kuijken}, K.~H. and 
	{Valentijn}, E.~A.},
    title = "{The Kilo-Degree Survey}",
  journal = {Experimental Astronomy},
archivePrefix = "arXiv",
   eprint = {1206.1254},
 keywords = {Wide-field imaging, Survey system, VLT/VST, Weak gravitational lensing, Photometric redshifts},
     year = 2013,
    month = jan,
   volume = 35,
    pages = {25-44},
      doi = {10.1007/s10686-012-9306-1},
   adsurl = {http://adsabs.harvard.edu/abs/2013ExA....35...25D},
  adsnote = {Provided by the SAO/NASA Astrophysics Data System}
}


@ARTICLE{omegacam,
   author = {{Kuijken}, K.},
    title = "{OmegaCAM: ESO's Newest Imager}",
  journal = {The Messenger},
     year = 2011,
    month = dec,
   volume = 146,
    pages = {8-11},
   adsurl = {http://adsabs.harvard.edu/abs/2011Msngr.146....8K},
  adsnote = {Provided by the SAO/NASA Astrophysics Data System}
}

@INPROCEEDINGS{vst,
   author = {{Capaccioli}, M. and {Schipani}, P. and {de Paris}, G. and {Grado}, A. and 
	{Napolitano}, N. and {Iodice}, E. and {Marconi}, M. and {Merluzzi}, P. and 
	{Ripepi}, V.},
    title = "{VST: the VLT Survey Telescope. VST: An Overview.}",
booktitle = {Science from the Next Generation Imaging and Spectroscopic Surveys},
     year = 2012,
    month = oct,
      eid = {1},
    pages = {1},
   adsurl = {http://adsabs.harvard.edu/abs/2012sngi.confE...1C},
  adsnote = {Provided by the SAO/NASA Astrophysics Data System}
}

@ARTICLE{gaap,
   author = {{Kuijken}, K.},
    title = "{GaaP: PSF- and aperture-matched photometry using shapelets}",
  journal = {\aap},
   eprint = {astro-ph/0610606},
 keywords = {techniques: image processing, methods: data analysis, techniques: photometric, galaxies: fundamental parameters},
     year = 2008,
    month = may,
   volume = 482,
    pages = {1053-1067},
      doi = {10.1051/0004-6361:20066601},
   adsurl = {http://adsabs.harvard.edu/abs/2008A%26A...482.1053K},
  adsnote = {Provided by the SAO/NASA Astrophysics Data System}
}

@ARTICLE{schlegel98,
   author = {{Schlegel}, D.~J. and {Finkbeiner}, D.~P. and {Davis}, M.},
    title = "{Maps of Dust Infrared Emission for Use in Estimation of Reddening and Cosmic Microwave Background Radiation Foregrounds}",
  journal = {\apj},
   eprint = {astro-ph/9710327},
 keywords = {COSMOLOGY: DIFFUSE RADIATION, COSMOLOGY: COSMIC MICROWAVE BACKGROUND, ISM: DUST, EXTINCTION, INTERPLANETARY MEDIUM, INFRARED: ISM: CONTINUUM, Cosmology: Cosmic Microwave Background, Cosmology: Diffuse Radiation, ISM: Dust, Extinction, Infrared: ISM: Continuum, Interplanetary Medium},
     year = 1998,
    month = jun,
   volume = 500,
    pages = {525-553},
      doi = {10.1086/305772},
   adsurl = {http://adsabs.harvard.edu/abs/1998ApJ...500..525S},
  adsnote = {Provided by the SAO/NASA Astrophysics Data System}
}
@ARTICLE{radovich2017,
   author = {{Radovich}, M. and {Puddu}, E. and {Bellagamba}, F. and {Roncarelli}, M. and 
	{Moscardini}, L. and {Bardelli}, S. and {Grado}, A. and {Getman}, F. and 
	{Maturi}, M. and {Huang}, Z. and {Napolitano}, N. and {McFarland}, J. and 
	{Valentijn}, E. and {Bilicki}, M.},
    title = "{Searching for galaxy clusters in the Kilo-Degree Survey}",
  journal = {\aap},
archivePrefix = "arXiv",
   eprint = {1701.02954},
 keywords = {galaxies: clusters: general, galaxies: distances and redshifts},
     year = 2017,
    month = feb,
   volume = 598,
      eid = {A107},
    pages = {A107},
      doi = {10.1051/0004-6361/201629353},
   adsurl = {http://adsabs.harvard.edu/abs/2017A%26A...598A.107R},
  adsnote = {Provided by the SAO/NASA Astrophysics Data System}
}

@ARTICLE{driver2011,
   author = {{Driver}, S.~P. and {Hill}, D.~T. and {Kelvin}, L.~S. and {Robotham}, A.~S.~G. and 
	{Liske}, J. and {Norberg}, P. and {Baldry}, I.~K. and {Bamford}, S.~P. and 
	{Hopkins}, A.~M. and {Loveday}, J. and {Peacock}, J.~A. and 
	{Andrae}, E. and {Bland-Hawthorn}, J. and {Brough}, S. and {Brown}, M.~J.~I. and 
	{Cameron}, E. and {Ching}, J.~H.~Y. and {Colless}, M. and {Conselice}, C.~J. and 
	{Croom}, S.~M. and {Cross}, N.~J.~G. and {de Propris}, R. and 
	{Dye}, S. and {Drinkwater}, M.~J. and {Ellis}, S. and {Graham}, A.~W. and 
	{Grootes}, M.~W. and {Gunawardhana}, M. and {Jones}, D.~H. and 
	{van Kampen}, E. and {Maraston}, C. and {Nichol}, R.~C. and 
	{Parkinson}, H.~R. and {Phillipps}, S. and {Pimbblet}, K. and 
	{Popescu}, C.~C. and {Prescott}, M. and {Roseboom}, I.~G. and 
	{Sadler}, E.~M. and {Sansom}, A.~E. and {Sharp}, R.~G. and {Smith}, D.~J.~B. and 
	{Taylor}, E. and {Thomas}, D. and {Tuffs}, R.~J. and {Wijesinghe}, D. and 
	{Dunne}, L. and {Frenk}, C.~S. and {Jarvis}, M.~J. and {Madore}, B.~F. and 
	{Meyer}, M.~J. and {Seibert}, M. and {Staveley-Smith}, L. and 
	{Sutherland}, W.~J. and {Warren}, S.~J.},
    title = "{Galaxy and Mass Assembly (GAMA): survey diagnostics and core data release}",
  journal = {\mnras},
archivePrefix = "arXiv",
   eprint = {1009.0614},
 keywords = {surveys, galaxies: distances and redshifts, galaxies: fundamental parameters, galaxies: general, galaxies: statistics},
     year = 2011,
    month = may,
   volume = 413,
    pages = {971-995},
      doi = {10.1111/j.1365-2966.2010.18188.x},
   adsurl = {http://adsabs.harvard.edu/abs/2011MNRAS.413..971D},
  adsnote = {Provided by the SAO/NASA Astrophysics Data System}
}

@ARTICLE{sdss_dr13,
   author = {{Albareti}, F.~D. and {Allende Prieto}, C. and {Almeida}, A. and 
	{Anders}, F. and {Anderson}, S. and {Andrews}, B.~H. and {Arag{\'o}n-Salamanca}, A. and 
	{Argudo-Fern{\'a}ndez}, M. and {Armengaud}, E. and {Aubourg}, E. and et al.},
    title = "{The 13th Data Release of the Sloan Digital Sky Survey: First Spectroscopic Data from the SDSS-IV Survey Mapping Nearby Galaxies at Apache Point Observatory}",
  journal = {\apjs},
archivePrefix = "arXiv",
   eprint = {1608.02013},
 keywords = {atlases, catalogs, surveys },
     year = 2017,
    month = dec,
   volume = 233,
      eid = {25},
    pages = {25},
      doi = {10.3847/1538-4365/aa8992},
   adsurl = {http://adsabs.harvard.edu/abs/2017ApJS..233...25A},
  adsnote = {Provided by the SAO/NASA Astrophysics Data System}
}

@ARTICLE{likse2015,
   author = {{Liske}, J. and {Baldry}, I.~K. and {Driver}, S.~P. and {Tuffs}, R.~J. and 
	{Alpaslan}, M. and {Andrae}, E. and {Brough}, S. and {Cluver}, M.~E. and 
	{Grootes}, M.~W. and {Gunawardhana}, M.~L.~P. and {Kelvin}, L.~S. and 
	{Loveday}, J. and {Robotham}, A.~S.~G. and {Taylor}, E.~N. and 
	{Bamford}, S.~P. and {Bland-Hawthorn}, J. and {Brown}, M.~J.~I. and 
	{Drinkwater}, M.~J. and {Hopkins}, A.~M. and {Meyer}, M.~J. and 
	{Norberg}, P. and {Peacock}, J.~A. and {Agius}, N.~K. and {Andrews}, S.~K. and 
	{Bauer}, A.~E. and {Ching}, J.~H.~Y. and {Colless}, M. and {Conselice}, C.~J. and 
	{Croom}, S.~M. and {Davies}, L.~J.~M. and {De Propris}, R. and 
	{Dunne}, L. and {Eardley}, E.~M. and {Ellis}, S. and {Foster}, C. and 
	{Frenk}, C.~S. and {H{\"a}u{\ss}ler}, B. and {Holwerda}, B.~W. and 
	{Howlett}, C. and {Ibarra}, H. and {Jarvis}, M.~J. and {Jones}, D.~H. and 
	{Kafle}, P.~R. and {Lacey}, C.~G. and {Lange}, R. and {Lara-L{\'o}pez}, M.~A. and 
	{L{\'o}pez-S{\'a}nchez}, {\'A}.~R. and {Maddox}, S. and {Madore}, B.~F. and 
	{McNaught-Roberts}, T. and {Moffett}, A.~J. and {Nichol}, R.~C. and 
	{Owers}, M.~S. and {Palamara}, D. and {Penny}, S.~J. and {Phillipps}, S. and 
	{Pimbblet}, K.~A. and {Popescu}, C.~C. and {Prescott}, M. and 
	{Proctor}, R. and {Sadler}, E.~M. and {Sansom}, A.~E. and {Seibert}, M. and 
	{Sharp}, R. and {Sutherland}, W. and {V{\'a}zquez-Mata}, J.~A. and 
	{van Kampen}, E. and {Wilkins}, S.~M. and {Williams}, R. and 
	{Wright}, A.~H.},
    title = "{Galaxy And Mass Assembly (GAMA): end of survey report and data release 2}",
  journal = {\mnras},
archivePrefix = "arXiv",
   eprint = {1506.08222},
 keywords = {surveys, galaxies: distances and redshifts, galaxies: fundamental parameters, galaxies: general, galaxies: photometry, galaxies: statistics},
     year = 2015,
    month = sep,
   volume = 452,
    pages = {2087-2126},
      doi = {10.1093/mnras/stv1436},
   adsurl = {http://adsabs.harvard.edu/abs/2015MNRAS.452.2087L},
  adsnote = {Provided by the SAO/NASA Astrophysics Data System}
}

@ARTICLE{york2000,
   author = {{York}, D.~G. and {Adelman}, J. and {Anderson}, Jr., J.~E. and 
	{Anderson}, S.~F. and {Annis}, J. and {Bahcall}, N.~A. and {Bakken}, J.~A. and 
	{Barkhouser}, R. and {Bastian}, S. and {Berman}, E. and {Boroski}, W.~N. and 
	{Bracker}, S. and {Briegel}, C. and {Briggs}, J.~W. and {Brinkmann}, J. and 
	{Brunner}, R. and {Burles}, S. and {Carey}, L. and {Carr}, M.~A. and 
	{Castander}, F.~J. and {Chen}, B. and {Colestock}, P.~L. and 
	{Connolly}, A.~J. and {Crocker}, J.~H. and {Csabai}, I. and 
	{Czarapata}, P.~C. and {Davis}, J.~E. and {Doi}, M. and {Dombeck}, T. and 
	{Eisenstein}, D. and {Ellman}, N. and {Elms}, B.~R. and {Evans}, M.~L. and 
	{Fan}, X. and {Federwitz}, G.~R. and {Fiscelli}, L. and {Friedman}, S. and 
	{Frieman}, J.~A. and {Fukugita}, M. and {Gillespie}, B. and 
	{Gunn}, J.~E. and {Gurbani}, V.~K. and {de Haas}, E. and {Haldeman}, M. and 
	{Harris}, F.~H. and {Hayes}, J. and {Heckman}, T.~M. and {Hennessy}, G.~S. and 
	{Hindsley}, R.~B. and {Holm}, S. and {Holmgren}, D.~J. and {Huang}, C.-h. and 
	{Hull}, C. and {Husby}, D. and {Ichikawa}, S.-I. and {Ichikawa}, T. and 
	{Ivezi{\'c}}, {\v Z}. and {Kent}, S. and {Kim}, R.~S.~J. and 
	{Kinney}, E. and {Klaene}, M. and {Kleinman}, A.~N. and {Kleinman}, S. and 
	{Knapp}, G.~R. and {Korienek}, J. and {Kron}, R.~G. and {Kunszt}, P.~Z. and 
	{Lamb}, D.~Q. and {Lee}, B. and {Leger}, R.~F. and {Limmongkol}, S. and 
	{Lindenmeyer}, C. and {Long}, D.~C. and {Loomis}, C. and {Loveday}, J. and 
	{Lucinio}, R. and {Lupton}, R.~H. and {MacKinnon}, B. and {Mannery}, E.~J. and 
	{Mantsch}, P.~M. and {Margon}, B. and {McGehee}, P. and {McKay}, T.~A. and 
	{Meiksin}, A. and {Merelli}, A. and {Monet}, D.~G. and {Munn}, J.~A. and 
	{Narayanan}, V.~K. and {Nash}, T. and {Neilsen}, E. and {Neswold}, R. and 
	{Newberg}, H.~J. and {Nichol}, R.~C. and {Nicinski}, T. and 
	{Nonino}, M. and {Okada}, N. and {Okamura}, S. and {Ostriker}, J.~P. and 
	{Owen}, R. and {Pauls}, A.~G. and {Peoples}, J. and {Peterson}, R.~L. and 
	{Petravick}, D. and {Pier}, J.~R. and {Pope}, A. and {Pordes}, R. and 
	{Prosapio}, A. and {Rechenmacher}, R. and {Quinn}, T.~R. and 
	{Richards}, G.~T. and {Richmond}, M.~W. and {Rivetta}, C.~H. and 
	{Rockosi}, C.~M. and {Ruthmansdorfer}, K. and {Sandford}, D. and 
	{Schlegel}, D.~J. and {Schneider}, D.~P. and {Sekiguchi}, M. and 
	{Sergey}, G. and {Shimasaku}, K. and {Siegmund}, W.~A. and {Smee}, S. and 
	{Smith}, J.~A. and {Snedden}, S. and {Stone}, R. and {Stoughton}, C. and 
	{Strauss}, M.~A. and {Stubbs}, C. and {SubbaRao}, M. and {Szalay}, A.~S. and 
	{Szapudi}, I. and {Szokoly}, G.~P. and {Thakar}, A.~R. and {Tremonti}, C. and 
	{Tucker}, D.~L. and {Uomoto}, A. and {Vanden Berk}, D. and {Vogeley}, M.~S. and 
	{Waddell}, P. and {Wang}, S.-i. and {Watanabe}, M. and {Weinberg}, D.~H. and 
	{Yanny}, B. and {Yasuda}, N. and {SDSS Collaboration}},
    title = "{The Sloan Digital Sky Survey: Technical Summary}",
  journal = {\aj},
   eprint = {astro-ph/0006396},
 keywords = {Cosmology: Observations, Instrumentation: Miscellaneous},
     year = 2000,
    month = sep,
   volume = 120,
    pages = {1579-1587},
      doi = {10.1086/301513},
   adsurl = {http://adsabs.harvard.edu/abs/2000AJ....120.1579Y},
  adsnote = {Provided by the SAO/NASA Astrophysics Data System}
}

@ARTICLE{gunn2006,
   author = {{Gunn}, J.~E. and {Siegmund}, W.~A. and {Mannery}, E.~J. and 
	{Owen}, R.~E. and {Hull}, C.~L. and {Leger}, R.~F. and {Carey}, L.~N. and 
	{Knapp}, G.~R. and {York}, D.~G. and {Boroski}, W.~N. and {Kent}, S.~M. and 
	{Lupton}, R.~H. and {Rockosi}, C.~M. and {Evans}, M.~L. and 
	{Waddell}, P. and {Anderson}, J.~E. and {Annis}, J. and {Barentine}, J.~C. and 
	{Bartoszek}, L.~M. and {Bastian}, S. and {Bracker}, S.~B. and 
	{Brewington}, H.~J. and {Briegel}, C.~I. and {Brinkmann}, J. and 
	{Brown}, Y.~J. and {Carr}, M.~A. and {Czarapata}, P.~C. and 
	{Drennan}, C.~C. and {Dombeck}, T. and {Federwitz}, G.~R. and 
	{Gillespie}, B.~A. and {Gonzales}, C. and {Hansen}, S.~U. and 
	{Harvanek}, M. and {Hayes}, J. and {Jordan}, W. and {Kinney}, E. and 
	{Klaene}, M. and {Kleinman}, S.~J. and {Kron}, R.~G. and {Kresinski}, J. and 
	{Lee}, G. and {Limmongkol}, S. and {Lindenmeyer}, C.~W. and 
	{Long}, D.~C. and {Loomis}, C.~L. and {McGehee}, P.~M. and {Mantsch}, P.~M. and 
	{Neilsen}, Jr., E.~H. and {Neswold}, R.~M. and {Newman}, P.~R. and 
	{Nitta}, A. and {Peoples}, Jr., J. and {Pier}, J.~R. and {Prieto}, P.~S. and 
	{Prosapio}, A. and {Rivetta}, C. and {Schneider}, D.~P. and 
	{Snedden}, S. and {Wang}, S.-i.},
    title = "{The 2.5 m Telescope of the Sloan Digital Sky Survey}",
  journal = {\aj},
   eprint = {astro-ph/0602326},
 keywords = {Surveys, Telescopes},
     year = 2006,
    month = apr,
   volume = 131,
    pages = {2332-2359},
      doi = {10.1086/500975},
   adsurl = {http://adsabs.harvard.edu/abs/2006AJ....131.2332G},
  adsnote = {Provided by the SAO/NASA Astrophysics Data System}
}

@ARTICLE{dawson2013,
   author = {{Dawson}, K.~S. and {Schlegel}, D.~J. and {Ahn}, C.~P. and {Anderson}, S.~F. and 
	{Aubourg}, {\'E}. and {Bailey}, S. and {Barkhouser}, R.~H. and 
	{Bautista}, J.~E. and {Beifiori}, A. and {Berlind}, A.~A. and 
	{Bhardwaj}, V. and {Bizyaev}, D. and {Blake}, C.~H. and {Blanton}, M.~R. and 
	{Blomqvist}, M. and {Bolton}, A.~S. and {Borde}, A. and {Bovy}, J. and 
	{Brandt}, W.~N. and {Brewington}, H. and {Brinkmann}, J. and 
	{Brown}, P.~J. and {Brownstein}, J.~R. and {Bundy}, K. and {Busca}, N.~G. and 
	{Carithers}, W. and {Carnero}, A.~R. and {Carr}, M.~A. and {Chen}, Y. and 
	{Comparat}, J. and {Connolly}, N. and {Cope}, F. and {Croft}, R.~A.~C. and 
	{Cuesta}, A.~J. and {da Costa}, L.~N. and {Davenport}, J.~R.~A. and 
	{Delubac}, T. and {de Putter}, R. and {Dhital}, S. and {Ealet}, A. and 
	{Ebelke}, G.~L. and {Eisenstein}, D.~J. and {Escoffier}, S. and 
	{Fan}, X. and {Filiz Ak}, N. and {Finley}, H. and {Font-Ribera}, A. and 
	{G{\'e}nova-Santos}, R. and {Gunn}, J.~E. and {Guo}, H. and 
	{Haggard}, D. and {Hall}, P.~B. and {Hamilton}, J.-C. and {Harris}, B. and 
	{Harris}, D.~W. and {Ho}, S. and {Hogg}, D.~W. and {Holder}, D. and 
	{Honscheid}, K. and {Huehnerhoff}, J. and {Jordan}, B. and {Jordan}, W.~P. and 
	{Kauffmann}, G. and {Kazin}, E.~A. and {Kirkby}, D. and {Klaene}, M.~A. and 
	{Kneib}, J.-P. and {Le Goff}, J.-M. and {Lee}, K.-G. and {Long}, D.~C. and 
	{Loomis}, C.~P. and {Lundgren}, B. and {Lupton}, R.~H. and {Maia}, M.~A.~G. and 
	{Makler}, M. and {Malanushenko}, E. and {Malanushenko}, V. and 
	{Mandelbaum}, R. and {Manera}, M. and {Maraston}, C. and {Margala}, D. and 
	{Masters}, K.~L. and {McBride}, C.~K. and {McDonald}, P. and 
	{McGreer}, I.~D. and {McMahon}, R.~G. and {Mena}, O. and {Miralda-Escud{\'e}}, J. and 
	{Montero-Dorta}, A.~D. and {Montesano}, F. and {Muna}, D. and 
	{Myers}, A.~D. and {Naugle}, T. and {Nichol}, R.~C. and {Noterdaeme}, P. and 
	{Nuza}, S.~E. and {Olmstead}, M.~D. and {Oravetz}, A. and {Oravetz}, D.~J. and 
	{Owen}, R. and {Padmanabhan}, N. and {Palanque-Delabrouille}, N. and 
	{Pan}, K. and {Parejko}, J.~K. and {P{\^a}ris}, I. and {Percival}, W.~J. and 
	{P{\'e}rez-Fournon}, I. and {P{\'e}rez-R{\`a}fols}, I. and {Petitjean}, P. and 
	{Pfaffenberger}, R. and {Pforr}, J. and {Pieri}, M.~M. and {Prada}, F. and 
	{Price-Whelan}, A.~M. and {Raddick}, M.~J. and {Rebolo}, R. and 
	{Rich}, J. and {Richards}, G.~T. and {Rockosi}, C.~M. and {Roe}, N.~A. and 
	{Ross}, A.~J. and {Ross}, N.~P. and {Rossi}, G. and {Rubi{\~n}o-Martin}, J.~A. and 
	{Samushia}, L. and {S{\'a}nchez}, A.~G. and {Sayres}, C. and 
	{Schmidt}, S.~J. and {Schneider}, D.~P. and {Sc{\'o}ccola}, C.~G. and 
	{Seo}, H.-J. and {Shelden}, A. and {Sheldon}, E. and {Shen}, Y. and 
	{Shu}, Y. and {Slosar}, A. and {Smee}, S.~A. and {Snedden}, S.~A. and 
	{Stauffer}, F. and {Steele}, O. and {Strauss}, M.~A. and {Streblyanska}, A. and 
	{Suzuki}, N. and {Swanson}, M.~E.~C. and {Tal}, T. and {Tanaka}, M. and 
	{Thomas}, D. and {Tinker}, J.~L. and {Tojeiro}, R. and {Tremonti}, C.~A. and 
	{Vargas Maga{\~n}a}, M. and {Verde}, L. and {Viel}, M. and {Wake}, D.~A. and 
	{Watson}, M. and {Weaver}, B.~A. and {Weinberg}, D.~H. and {Weiner}, B.~J. and 
	{West}, A.~A. and {White}, M. and {Wood-Vasey}, W.~M. and {Yeche}, C. and 
	{Zehavi}, I. and {Zhao}, G.-B. and {Zheng}, Z.},
    title = "{The Baryon Oscillation Spectroscopic Survey of SDSS-III}",
  journal = {\aj},
archivePrefix = "arXiv",
   eprint = {1208.0022},
 keywords = {cosmology: observations, surveys},
     year = 2013,
    month = jan,
   volume = 145,
      eid = {10},
    pages = {10},
      doi = {10.1088/0004-6256/145/1/10},
   adsurl = {http://adsabs.harvard.edu/abs/2013AJ....145...10D},
  adsnote = {Provided by the SAO/NASA Astrophysics Data System}
}

@ARTICLE{dawson2016,
   author = {{Dawson}, K.~S. and {Kneib}, J.-P. and {Percival}, W.~J. and 
	{Alam}, S. and {Albareti}, F.~D. and {Anderson}, S.~F. and {Armengaud}, E. and 
	{Aubourg}, {\'E}. and {Bailey}, S. and {Bautista}, J.~E. and 
	{Berlind}, A.~A. and {Bershady}, M.~A. and {Beutler}, F. and 
	{Bizyaev}, D. and {Blanton}, M.~R. and {Blomqvist}, M. and {Bolton}, A.~S. and 
	{Bovy}, J. and {Brandt}, W.~N. and {Brinkmann}, J. and {Brownstein}, J.~R. and 
	{Burtin}, E. and {Busca}, N.~G. and {Cai}, Z. and {Chuang}, C.-H. and 
	{Clerc}, N. and {Comparat}, J. and {Cope}, F. and {Croft}, R.~A.~C. and 
	{Cruz-Gonzalez}, I. and {da Costa}, L.~N. and {Cousinou}, M.-C. and 
	{Darling}, J. and {de la Macorra}, A. and {de la Torre}, S. and 
	{Delubac}, T. and {du Mas des Bourboux}, H. and {Dwelly}, T. and 
	{Ealet}, A. and {Eisenstein}, D.~J. and {Eracleous}, M. and 
	{Escoffier}, S. and {Fan}, X. and {Finoguenov}, A. and {Font-Ribera}, A. and 
	{Frinchaboy}, P. and {Gaulme}, P. and {Georgakakis}, A. and 
	{Green}, P. and {Guo}, H. and {Guy}, J. and {Ho}, S. and {Holder}, D. and 
	{Huehnerhoff}, J. and {Hutchinson}, T. and {Jing}, Y. and {Jullo}, E. and 
	{Kamble}, V. and {Kinemuchi}, K. and {Kirkby}, D. and {Kitaura}, F.-S. and 
	{Klaene}, M.~A. and {Laher}, R.~R. and {Lang}, D. and {Laurent}, P. and 
	{Le Goff}, J.-M. and {Li}, C. and {Liang}, Y. and {Lima}, M. and 
	{Lin}, Q. and {Lin}, W. and {Lin}, Y.-T. and {Long}, D.~C. and 
	{Lundgren}, B. and {MacDonald}, N. and {Geimba Maia}, M.~A. and 
	{Malanushenko}, E. and {Malanushenko}, V. and {Mariappan}, V. and 
	{McBride}, C.~K. and {McGreer}, I.~D. and {M{\'e}nard}, B. and 
	{Merloni}, A. and {Meza}, A. and {Montero-Dorta}, A.~D. and 
	{Muna}, D. and {Myers}, A.~D. and {Nandra}, K. and {Naugle}, T. and 
	{Newman}, J.~A. and {Noterdaeme}, P. and {Nugent}, P. and {Ogando}, R. and 
	{Olmstead}, M.~D. and {Oravetz}, A. and {Oravetz}, D.~J. and 
	{Padmanabhan}, N. and {Palanque-Delabrouille}, N. and {Pan}, K. and 
	{Parejko}, J.~K. and {P{\^a}ris}, I. and {Peacock}, J.~A. and 
	{Petitjean}, P. and {Pieri}, M.~M. and {Pisani}, A. and {Prada}, F. and 
	{Prakash}, A. and {Raichoor}, A. and {Reid}, B. and {Rich}, J. and 
	{Ridl}, J. and {Rodriguez-Torres}, S. and {Carnero Rosell}, A. and 
	{Ross}, A.~J. and {Rossi}, G. and {Ruan}, J. and {Salvato}, M. and 
	{Sayres}, C. and {Schneider}, D.~P. and {Schlegel}, D.~J. and 
	{Seljak}, U. and {Seo}, H.-J. and {Sesar}, B. and {Shandera}, S. and 
	{Shu}, Y. and {Slosar}, A. and {Sobreira}, F. and {Streblyanska}, A. and 
	{Suzuki}, N. and {Taylor}, D. and {Tao}, C. and {Tinker}, J.~L. and 
	{Tojeiro}, R. and {Vargas-Maga{\~n}a}, M. and {Wang}, Y. and 
	{Weaver}, B.~A. and {Weinberg}, D.~H. and {White}, M. and {Wood-Vasey}, W.~M. and 
	{Yeche}, C. and {Zhai}, Z. and {Zhao}, C. and {Zhao}, G.-b. and 
	{Zheng}, Z. and {Ben Zhu}, G. and {Zou}, H.},
    title = "{The SDSS-IV Extended Baryon Oscillation Spectroscopic Survey: Overview and Early Data}",
  journal = {\aj},
archivePrefix = "arXiv",
   eprint = {1508.04473},
 keywords = {cosmology: observations, surveys},
     year = 2016,
    month = feb,
   volume = 151,
      eid = {44},
    pages = {44},
      doi = {10.3847/0004-6256/151/2/44},
   adsurl = {http://adsabs.harvard.edu/abs/2016AJ....151...44D},
  adsnote = {Provided by the SAO/NASA Astrophysics Data System}
}

@ARTICLE{wolf2017,
   author = {{Wolf}, C. and {Johnson}, A.~S. and {Bilicki}, M. and {Blake}, C. and 
	{Amon}, A. and {Erben}, T. and {Glazebrook}, K. and {Heymans}, C. and 
	{Hildebrandt}, H. and {Joudaki}, S. and {Klaes}, D. and {Kuijken}, K. and 
	{Lidman}, C. and {Marin}, F. and {Parkinson}, D. and {Poole}, G.
	},
    title = "{The 2-degree Field Lensing Survey: photometric redshifts from a large new training sample to r $\lt$ 19.5}",
  journal = {\mnras},
archivePrefix = "arXiv",
   eprint = {1612.00839},
 keywords = {methods: statistical, surveys, galaxies: distances and redshifts},
     year = 2017,
    month = apr,
   volume = 466,
    pages = {1582-1596},
      doi = {10.1093/mnras/stw3151},
   adsurl = {http://adsabs.harvard.edu/abs/2017MNRAS.466.1582W},
  adsnote = {Provided by the SAO/NASA Astrophysics Data System}
}

@ARTICLE{johnson2017,
   author = {{Johnson}, A. and {Blake}, C. and {Amon}, A. and {Erben}, T. and 
	{Glazebrook}, K. and {Harnois-Deraps}, J. and {Heymans}, C. and 
	{Hildebrandt}, H. and {Joudaki}, S. and {Klaes}, D. and {Kuijken}, K. and 
	{Lidman}, C. and {Marin}, F.~A. and {McFarland}, J. and {Morrison}, C.~B. and 
	{Parkinson}, D. and {Poole}, G.~B. and {Radovich}, M. and {Wolf}, C.
	},
    title = "{2dFLenS and KiDS: determining source redshift distributions with cross-correlations}",
  journal = {\mnras},
archivePrefix = "arXiv",
   eprint = {1611.07578},
 keywords = {surveys, cosmology: observation, large-scale structure of Universe},
     year = 2017,
    month = mar,
   volume = 465,
    pages = {4118-4132},
      doi = {10.1093/mnras/stw3033},
   adsurl = {http://adsabs.harvard.edu/abs/2017MNRAS.465.4118J},
  adsnote = {Provided by the SAO/NASA Astrophysics Data System}
}

@ARTICLE{amon2018b,
   author = {{Amon}, A. and {Blake}, C. and {Heymans}, C. and {Leonard}, C.~D. and 
	{Asgari}, M. and {Bilicki}, M. and {Choi}, A. and {Erben}, T. and 
	{Glazebrook}, K. and {Harnois-D{\'e}raps}, J. and {Hildebrandt}, H. and 
	{Hoekstra}, H. and {Joachimi}, B. and {Joudaki}, S. and {Kuijken}, K. and 
	{Lidman}, C. and {Loveday}, J. and {Parkinson}, D. and {Valentijn}, E.~A. and 
	{Wolf}, C.},
    title = "{KiDS+2dFLenS+GAMA: testing the cosmological model with the E$_{G}$ statistic}",
  journal = {\mnras},
archivePrefix = "arXiv",
   eprint = {1711.10999},
 keywords = {gravitational lensing: weak, surveys, cosmology: observations, large-scale structure of Universe},
     year = 2018,
    month = sep,
   volume = 479,
    pages = {3422-3437},
      doi = {10.1093/mnras/sty1624},
   adsurl = {http://adsabs.harvard.edu/abs/2018MNRAS.479.3422A},
  adsnote = {Provided by the SAO/NASA Astrophysics Data System}
}


######################################LENSFIT#################################

@ARTICLE{lensfit3,
   author = {{Miller}, L. and {Heymans}, C. and {Kitching}, T.~D. and {van Waerbeke}, L. and 
	{Erben}, T. and {Hildebrandt}, H. and {Hoekstra}, H. and {Mellier}, Y. and 
	{Rowe}, B.~T.~P. and {Coupon}, J. and {Dietrich}, J.~P. and 
	{Fu}, L. and {Harnois-D{\'e}raps}, J. and {Hudson}, M.~J. and 
	{Kilbinger}, M. and {Kuijken}, K. and {Schrabback}, T. and {Semboloni}, E. and 
	{Vafaei}, S. and {Velander}, M.},
    title = "{Bayesian galaxy shape measurement for weak lensing surveys - III. Application to the Canada-France-Hawaii Telescope Lensing Survey}",
  journal = {\mnras},
archivePrefix = "arXiv",
   eprint = {1210.8201},
 primaryClass = "astro-ph.CO",
 keywords = {gravitational lensing: weak, methods: data analysis, methods: statistical, cosmology: observations},
     year = 2013,
    month = mar,
   volume = 429,
    pages = {2858-2880},
      doi = {10.1093/mnras/sts454},
   adsurl = {http://adsabs.harvard.edu/abs/2013MNRAS.429.2858M},
  adsnote = {Provided by the SAO/NASA Astrophysics Data System}
}

@ARTICLE{lensfit2,
   author = {{Kitching}, T.~D. and {Miller}, L. and {Heymans}, C.~E. and 
	{van Waerbeke}, L. and {Heavens}, A.~F.},
    title = "{Bayesian galaxy shape measurement for weak lensing surveys - II. Application to simulations}",
  journal = {\mnras},
archivePrefix = "arXiv",
   eprint = {0802.1528},
 keywords = {gravitational lensing , methods: data analysis , methods: numerical , methods: statistical , cosmology: observation},
     year = 2008,
    month = oct,
   volume = 390,
    pages = {149-167},
      doi = {10.1111/j.1365-2966.2008.13628.x},
   adsurl = {http://adsabs.harvard.edu/abs/2008MNRAS.390..149K},
  adsnote = {Provided by the SAO/NASA Astrophysics Data System}
}

@ARTICLE{lensfit1,
   author = {{Miller}, L. and {Kitching}, T.~D. and {Heymans}, C. and {Heavens}, A.~F. and 
	{van Waerbeke}, L.},
    title = "{Bayesian galaxy shape measurement for weak lensing surveys - I. Methodology and a fast-fitting algorithm}",
  journal = {\mnras},
archivePrefix = "arXiv",
   eprint = {0708.2340},
 keywords = {gravitational lensing, methods: data analysis, methods: statistical, techniques: miscellaneous},
     year = 2007,
    month = nov,
   volume = 382,
    pages = {315-324},
      doi = {10.1111/j.1365-2966.2007.12363.x},
   adsurl = {http://adsabs.harvard.edu/abs/2007MNRAS.382..315M},
  adsnote = {Provided by the SAO/NASA Astrophysics Data System}
}
@ARTICLE{lensfit4,
   author = {{Fenech Conti}, I. and {Herbonnet}, R. and {Hoekstra}, H. and 
	{Merten}, J. and {Miller}, L. and {Viola}, M.},
    title = "{Calibration of weak-lensing shear in the Kilo-Degree Survey}",
  journal = {\mnras},
archivePrefix = "arXiv",
   eprint = {1606.05337},
 keywords = {gravitational lensing: weak, surveys, cosmology: observations},
     year = 2017,
    month = may,
   volume = 467,
    pages = {1627-1651},
      doi = {10.1093/mnras/stx200},
   adsurl = {http://adsabs.harvard.edu/abs/2017MNRAS.467.1627F},
  adsnote = {Provided by the SAO/NASA Astrophysics Data System}
}

@ARTICLE{brouwer2018,
   author = {{Brouwer}, M.~M. and {Demchenko}, V. and {Harnois-D{\'e}raps}, J. and 
	{Bilicki}, M. and {Heymans}, C. and {Hoekstra}, H. and {Kuijken}, K. and 
	{Alpaslan}, M. and {Brough}, S. and {Cai}, Y.-C. and {Costa-Duarte}, M.~V. and 
	{Dvornik}, A. and {Erben}, T. and {Hildebrandt}, H. and {Holwerda}, B.~W. and 
	{Schneider}, P. and {Sif{\'o}n}, C. and {van Uitert}, E.},
    title = "{Studying galaxy troughs and ridges using weak gravitational lensing with the Kilo-Degree Survey}",
  journal = {\mnras},
archivePrefix = "arXiv",
   eprint = {1805.00562},
 keywords = {gravitational lensing: weak, methods: statistical, surveys, galaxies: distances and redshifts; cosmology: dark matter, large-scale structure of the Universe},
     year = 2018,
    month = dec,
   volume = 481,
    pages = {5189-5209},
      doi = {10.1093/mnras/sty2589},
   adsurl = {http://adsabs.harvard.edu/abs/2018MNRAS.481.5189B},
  adsnote = {Provided by the SAO/NASA Astrophysics Data System}
}


####################GGL RANDOM ############


@ARTICLE{mandelbaum2005,
   author = {{Mandelbaum}, R. and {Hirata}, C.~M. and {Seljak}, U. and {Guzik}, J. and 
	{Padmanabhan}, N. and {Blake}, C. and {Blanton}, M.~R. and {Lupton}, R. and 
	{Brinkmann}, J.},
    title = "{Systematic errors in weak lensing: application to SDSS galaxy-galaxy weak lensing}",
  journal = {\mnras},
   eprint = {astro-ph/0501201},
 keywords = {gravitational lensing, galaxies: distances and redshifts, galaxies: halos},
     year = 2005,
    month = aug,
   volume = 361,
    pages = {1287-1322},
      doi = {10.1111/j.1365-2966.2005.09282.x},
   adsurl = {http://adsabs.harvard.edu/abs/2005MNRAS.361.1287M},
  adsnote = {Provided by the SAO/NASA Astrophysics Data System}
}

@ARTICLE{mandelbaum2013,
   author = {{Mandelbaum}, R. and {Slosar}, A. and {Baldauf}, T. and {Seljak}, U. and 
	{Hirata}, C.~M. and {Nakajima}, R. and {Reyes}, R. and {Smith}, R.~E.
	},
    title = "{Cosmological parameter constraints from galaxy-galaxy lensing and galaxy clustering with the SDSS DR7}",
  journal = {\mnras},
archivePrefix = "arXiv",
   eprint = {1207.1120},
 keywords = {gravitational lensing: weak, cosmological parameters, cosmology: observations, large-scale structure of Universe},
     year = 2013,
    month = jun,
   volume = 432,
    pages = {1544-1575},
      doi = {10.1093/mnras/stt572},
   adsurl = {http://adsabs.harvard.edu/abs/2013MNRAS.432.1544M},
  adsnote = {Provided by the SAO/NASA Astrophysics Data System}
}
@ARTICLE{singh2017,
   author = {{Singh}, S. and {Mandelbaum}, R. and {Seljak}, U. and {Slosar}, A. and 
	{Vazquez Gonzalez}, J.},
    title = "{Galaxy-galaxy lensing estimators and their covariance properties}",
  journal = {\mnras},
archivePrefix = "arXiv",
   eprint = {1611.00752},
 keywords = {gravitational lensing: weak, galaxies: evolution, large-scale structure of Universe, cosmology: observations},
     year = 2017,
    month = nov,
   volume = 471,
    pages = {3827-3844},
      doi = {10.1093/mnras/stx1828},
   adsurl = {http://adsabs.harvard.edu/abs/2017MNRAS.471.3827S},
  adsnote = {Provided by the SAO/NASA Astrophysics Data System}
}


@ARTICLE{miyatake2015,
   author = {{Miyatake}, H. and {More}, S. and {Mandelbaum}, R. and {Takada}, M. and 
	{Spergel}, D.~N. and {Kneib}, J.-P. and {Schneider}, D.~P. and 
	{Brinkmann}, J. and {Brownstein}, J.~R.},
    title = "{The Weak Lensing Signal and the Clustering of BOSS Galaxies. I. Measurements}",
  journal = {\apj},
archivePrefix = "arXiv",
   eprint = {1311.1480},
 keywords = {cosmology: observations, galaxies: halos, gravitational lensing: weak, large-scale structure of universe},
     year = 2015,
    month = jun,
   volume = 806,
      eid = {1},
    pages = {1},
      doi = {10.1088/0004-637X/806/1/1},
   adsurl = {http://adsabs.harvard.edu/abs/2015ApJ...806....1M},
  adsnote = {Provided by the SAO/NASA Astrophysics Data System}
}

@ARTICLE{oliver2016,
   author = {{Friedrich}, O. and {Seitz}, S. and {Eifler}, T.~F. and {Gruen}, D.
	},
    title = "{Performance of internal covariance estimators for cosmic shear correlation functions}",
  journal = {\mnras},
archivePrefix = "arXiv",
   eprint = {1508.00895},
 keywords = {methods: data analysis, methods: statistical, cosmological parameters, large-scale structure of Universe},
     year = 2016,
    month = mar,
   volume = 456,
    pages = {2662-2680},
      doi = {10.1093/mnras/stv2833},
   adsurl = {http://adsabs.harvard.edu/abs/2016MNRAS.456.2662F},
  adsnote = {Provided by the SAO/NASA Astrophysics Data System}
}

@ARTICLE{norberg2009,
   author = {{Norberg}, P. and {Baugh}, C.~M. and {Gazta{\~n}aga}, E. and 
	{Croton}, D.~J.},
    title = "{Statistical analysis of galaxy surveys - I. Robust error estimation for two-point clustering statistics}",
  journal = {\mnras},
archivePrefix = "arXiv",
   eprint = {0810.1885},
 keywords = {galaxies: statistics , cosmology: theory , large-scale structure of Universe},
     year = 2009,
    month = jun,
   volume = 396,
    pages = {19-38},
      doi = {10.1111/j.1365-2966.2009.14389.x},
   adsurl = {http://adsabs.harvard.edu/abs/2009MNRAS.396...19N},
  adsnote = {Provided by the SAO/NASA Astrophysics Data System}
}

@ARTICLE{shirasaki2017,
   author = {{Shirasaki}, M. and {Takada}, M. and {Miyatake}, H. and {Takahashi}, R. and 
	{Hamana}, T. and {Nishimichi}, T. and {Murata}, R.},
    title = "{Robust covariance estimation of galaxy-galaxy weak lensing: validation and limitation of jackknife covariance}",
  journal = {\mnras},
archivePrefix = "arXiv",
   eprint = {1607.08679},
 keywords = {gravitational lensing: weak, methods: numerical, cosmology: observations},
     year = 2017,
    month = sep,
   volume = 470,
    pages = {3476-3496},
      doi = {10.1093/mnras/stx1477},
   adsurl = {http://adsabs.harvard.edu/abs/2017MNRAS.470.3476S},
  adsnote = {Provided by the SAO/NASA Astrophysics Data System}
}

@ARTICLE{hartlap2007,
   author = {{Hartlap}, J. and {Simon}, P. and {Schneider}, P.},
    title = "{Why your model parameter confidences might be too optimistic. Unbiased estimation of the inverse covariance matrix}",
  journal = {\aap},
   eprint = {astro-ph/0608064},
 keywords = {methods: analytical, methods: data analysis, gravitational lensing},
     year = 2007,
    month = mar,
   volume = 464,
    pages = {399-404},
      doi = {10.1051/0004-6361:20066170},
   adsurl = {http://adsabs.harvard.edu/abs/2007A%26A...464..399H},
  adsnote = {Provided by the SAO/NASA Astrophysics Data System}
}

@ARTICLE{sadeh2016,
   author = {{Sadeh}, I. and {Abdalla}, F.~B. and {Lahav}, O.},
    title = "{ANNz2: Photometric Redshift and Probability Distribution Function Estimation using Machine Learning}",
  journal = {\pasp},
archivePrefix = "arXiv",
   eprint = {1507.00490},
     year = 2016,
    month = oct,
   volume = 128,
   number = 10,
    pages = {104502},
      doi = {10.1088/1538-3873/128/968/104502},
   adsurl = {http://adsabs.harvard.edu/abs/2016PASP..128j4502S},
  adsnote = {Provided by the SAO/NASA Astrophysics Data System}
}

@INPROCEEDINGS{sadeh2014,
   author = {{Sadeh}, I.},
    title = "{ANNz2 - Photometric redshift and probability density function estimation using machine-learning}",
 keywords = {techniques: photometric, galaxies: distances and redshifts,},
booktitle = {Statistical Challenges in 21st Century Cosmology},
     year = 2014,
   series = {IAU Symposium},
   volume = 306,
   editor = {{Heavens}, A. and {Starck}, J.-L. and {Krone-Martins}, A.},
    month = may,
    pages = {316-318},
      doi = {10.1017/S1743921314010849},
   adsurl = {http://adsabs.harvard.edu/abs/2014IAUS..306..316S},
  adsnote = {Provided by the SAO/NASA Astrophysics Data System}
}

###############schecter############

@ARTICLE{schecter1976,
   author = {{Schechter}, P.},
    title = "{An analytic expression for the luminosity function for galaxies.}",
  journal = {\apj},
     year = 1976,
    month = jan,
   volume = 203,
    pages = {297-306},
      doi = {10.1086/154079},
   adsurl = {http://adsabs.harvard.edu/abs/1976ApJ...203..297S},
  adsnote = {Provided by the SAO/NASA Astrophysics Data System}
}


##############other surveys WL ########


@ARTICLE{heymans2013,
   author = {{Heymans}, C. and {Grocutt}, E. and {Heavens}, A. and {Kilbinger}, M. and 
	{Kitching}, T.~D. and {Simpson}, F. and {Benjamin}, J. and {Erben}, T. and 
	{Hildebrandt}, H. and {Hoekstra}, H. and {Mellier}, Y. and {Miller}, L. and 
	{Van Waerbeke}, L. and {Brown}, M.~L. and {Coupon}, J. and {Fu}, L. and 
	{Harnois-D{\'e}raps}, J. and {Hudson}, M.~J. and {Kuijken}, K. and 
	{Rowe}, B. and {Schrabback}, T. and {Semboloni}, E. and {Vafaei}, S. and 
	{Velander}, M.},
    title = "{CFHTLenS tomographic weak lensing cosmological parameter constraints: Mitigating the impact of intrinsic galaxy alignments}",
  journal = {\mnras},
archivePrefix = "arXiv",
   eprint = {1303.1808},
 keywords = {cosmology: observations},
     year = 2013,
    month = jul,
   volume = 432,
    pages = {2433-2453},
      doi = {10.1093/mnras/stt601},
   adsurl = {http://adsabs.harvard.edu/abs/2013MNRAS.432.2433H},
  adsnote = {Provided by the SAO/NASA Astrophysics Data System}
}

@ARTICLE{jee2016,
   author = {{Jee}, M.~J. and {Tyson}, J.~A. and {Hilbert}, S. and {Schneider}, M.~D. and 
	{Schmidt}, S. and {Wittman}, D.},
    title = "{Cosmic Shear Results from the Deep Lens Survey. II. Full Cosmological Parameter Constraints from Tomography}",
  journal = {\apj},
archivePrefix = "arXiv",
   eprint = {1510.03962},
 keywords = {cosmological parameters, cosmology: observations, dark matter, gravitational lensing: weak, large-scale structure of universe},
     year = 2016,
    month = jun,
   volume = 824,
      eid = {77},
    pages = {77},
      doi = {10.3847/0004-637X/824/2/77},
   adsurl = {http://adsabs.harvard.edu/abs/2016ApJ...824...77J},
  adsnote = {Provided by the SAO/NASA Astrophysics Data System}
}

@ARTICLE{troxel2017,
   author = {{Troxel}, M.~A. and {MacCrann}, N. and {Zuntz}, J. and {Eifler}, T.~F. and 
	{Krause}, E. and {Dodelson}, S. and {Gruen}, D. and {Blazek}, J. and 
	{Friedrich}, O. and {Samuroff}, S. and {Prat}, J. and {Secco}, L.~F. and 
	{Davis}, C. and {Fert{\'e}}, A. and {DeRose}, J. and {Alarcon}, A. and 
	{Amara}, A. and {Baxter}, E. and {Becker}, M.~R. and {Bernstein}, G.~M. and 
	{Bridle}, S.~L. and {Cawthon}, R. and {Chang}, C. and {Choi}, A. and 
	{De Vicente}, J. and {Drlica-Wagner}, A. and {Elvin-Poole}, J. and 
	{Frieman}, J. and {Gatti}, M. and {Hartley}, W.~G. and {Honscheid}, K. and 
	{Hoyle}, B. and {Huff}, E.~M. and {Huterer}, D. and {Jain}, B. and 
	{Jarvis}, M. and {Kacprzak}, T. and {Kirk}, D. and {Kokron}, N. and 
	{Krawiec}, C. and {Lahav}, O. and {Liddle}, A.~R. and {Peacock}, J. and 
	{Rau}, M.~M. and {Refregier}, A. and {Rollins}, R.~P. and {Rozo}, E. and 
	{Rykoff}, E.~S. and {S{\'a}nchez}, C. and {Sevilla-Noarbe}, I. and 
	{Sheldon}, E. and {Stebbins}, A. and {Varga}, T.~N. and {Vielzeuf}, P. and 
	{Wang}, M. and {Wechsler}, R.~H. and {Yanny}, B. and {Abbott}, T.~M.~C. and 
	{Abdalla}, F.~B. and {Allam}, S. and {Annis}, J. and {Bechtol}, K. and 
	{Benoit-L{\'e}vy}, A. and {Bertin}, E. and {Brooks}, D. and 
	{Buckley-Geer}, E. and {Burke}, D.~L. and {Carnero Rosell}, A. and 
	{Carrasco Kind}, M. and {Carretero}, J. and {Castander}, F.~J. and 
	{Crocce}, M. and {Cunha}, C.~E. and {D'Andrea}, C.~B. and {da Costa}, L.~N. and 
	{DePoy}, D.~L. and {Desai}, S. and {Diehl}, H.~T. and {Dietrich}, J.~P. and 
	{Doel}, P. and {Fernandez}, E. and {Flaugher}, B. and {Fosalba}, P. and 
	{Garc{\'{\i}}a-Bellido}, J. and {Gaztanaga}, E. and {Gerdes}, D.~W. and 
	{Giannantonio}, T. and {Goldstein}, D.~A. and {Gruendl}, R.~A. and 
	{Gschwend}, J. and {Gutierrez}, G. and {James}, D.~J. and {Jeltema}, T. and 
	{Johnson}, M.~W.~G. and {Johnson}, M.~D. and {Kent}, S. and 
	{Kuehn}, K. and {Kuhlmann}, S. and {Kuropatkin}, N. and {Li}, T.~S. and 
	{Lima}, M. and {Lin}, H. and {Maia}, M.~A.~G. and {March}, M. and 
	{Marshall}, J.~L. and {Martini}, P. and {Melchior}, P. and {Menanteau}, F. and 
	{Miquel}, R. and {Mohr}, J.~J. and {Neilsen}, E. and {Nichol}, R.~C. and 
	{Nord}, B. and {Petravick}, D. and {Plazas}, A.~A. and {Romer}, A.~K. and 
	{Roodman}, A. and {Sako}, M. and {Sanchez}, E. and {Scarpine}, V. and 
	{Schindler}, R. and {Schubnell}, M. and {Smith}, M. and {Smith}, R.~C. and 
	{Soares-Santos}, M. and {Sobreira}, F. and {Suchyta}, E. and 
	{Swanson}, M.~E.~C. and {Tarle}, G. and {Thomas}, D. and {Tucker}, D.~L. and 
	{Vikram}, V. and {Walker}, A.~R. and {Weller}, J. and {Zhang}, Y. and 
	{DES Collaboration}},
    title = "{Dark Energy Survey Year 1 results: Cosmological constraints from cosmic shear}",
  journal = {\prd},
archivePrefix = "arXiv",
   eprint = {1708.01538},
     year = 2018,
    month = aug,
   volume = 98,
   number = 4,
      eid = {043528},
    pages = {043528},
      doi = {10.1103/PhysRevD.98.043528},
   adsurl = {http://adsabs.harvard.edu/abs/2018PhRvD..98d3528T},
  adsnote = {Provided by the SAO/NASA Astrophysics Data System}
}

@ARTICLE{DES2017,
   author = {{DES Collaboration} and {Abbott}, T.~M.~C. and {Abdalla}, F.~B. and 
	{Alarcon}, A. and {Aleksi{\'c}}, J. and {Allam}, S. and {Allen}, S. and 
	{Amara}, A. and {Annis}, J. and {Asorey}, J. and {Avila}, S. and 
	{Bacon}, D. and {Balbinot}, E. and {Banerji}, M. and {Banik}, N. and 
	{Barkhouse}, W. and {Baumer}, M. and {Baxter}, E. and {Bechtol}, K. and 
	{Becker}, M.~R. and {Benoit-L{\'e}vy}, A. and {Benson}, B.~A. and 
	{Bernstein}, G.~M. and {Bertin}, E. and {Blazek}, J. and {Bridle}, S.~L. and 
	{Brooks}, D. and {Brout}, D. and {Buckley-Geer}, E. and {Burke}, D.~L. and 
	{Busha}, M.~T. and {Capozzi}, D. and {Carnero Rosell}, A. and 
	{Carrasco Kind}, M. and {Carretero}, J. and {Castander}, F.~J. and 
	{Cawthon}, R. and {Chang}, C. and {Chen}, N. and {Childress}, M. and 
	{Choi}, A. and {Conselice}, C. and {Crittenden}, R. and {Crocce}, M. and 
	{Cunha}, C.~E. and {D'Andrea}, C.~B. and {da Costa}, L.~N. and 
	{Das}, R. and {Davis}, T.~M. and {Davis}, C. and {De Vicente}, J. and 
	{DePoy}, D.~L. and {DeRose}, J. and {Desai}, S. and {Diehl}, H.~T. and 
	{Dietrich}, J.~P. and {Dodelson}, S. and {Doel}, P. and {Drlica-Wagner}, A. and 
	{Eifler}, T.~F. and {Elliott}, A.~E. and {Elsner}, F. and {Elvin-Poole}, J. and 
	{Estrada}, J. and {Evrard}, A.~E. and {Fang}, Y. and {Fernandez}, E. and 
	{Fert{\'e}}, A. and {Finley}, D.~A. and {Flaugher}, B. and {Fosalba}, P. and 
	{Friedrich}, O. and {Frieman}, J. and {Garc{\'{\i}}a-Bellido}, J. and 
	{Garcia-Fernandez}, M. and {Gatti}, M. and {Gaztanaga}, E. and 
	{Gerdes}, D.~W. and {Giannantonio}, T. and {Gill}, M.~S.~S. and 
	{Glazebrook}, K. and {Goldstein}, D.~A. and {Gruen}, D. and 
	{Gruendl}, R.~A. and {Gschwend}, J. and {Gutierrez}, G. and 
	{Hamilton}, S. and {Hartley}, W.~G. and {Hinton}, S.~R. and 
	{Honscheid}, K. and {Hoyle}, B. and {Huterer}, D. and {Jain}, B. and 
	{James}, D.~J. and {Jarvis}, M. and {Jeltema}, T. and {Johnson}, M.~D. and 
	{Johnson}, M.~W.~G. and {Kacprzak}, T. and {Kent}, S. and {Kim}, A.~G. and 
	{King}, A. and {Kirk}, D. and {Kokron}, N. and {Kovacs}, A. and 
	{Krause}, E. and {Krawiec}, C. and {Kremin}, A. and {Kuehn}, K. and 
	{Kuhlmann}, S. and {Kuropatkin}, N. and {Lacasa}, F. and {Lahav}, O. and 
	{Li}, T.~S. and {Liddle}, A.~R. and {Lidman}, C. and {Lima}, M. and 
	{Lin}, H. and {MacCrann}, N. and {Maia}, M.~A.~G. and {Makler}, M. and 
	{Manera}, M. and {March}, M. and {Marshall}, J.~L. and {Martini}, P. and 
	{McMahon}, R.~G. and {Melchior}, P. and {Menanteau}, F. and 
	{Miquel}, R. and {Miranda}, V. and {Mudd}, D. and {Muir}, J. and 
	{M{\"o}ller}, A. and {Neilsen}, E. and {Nichol}, R.~C. and {Nord}, B. and 
	{Nugent}, P. and {Ogando}, R.~L.~C. and {Palmese}, A. and {Peacock}, J. and 
	{Peiris}, H.~V. and {Peoples}, J. and {Percival}, W.~J. and 
	{Petravick}, D. and {Plazas}, A.~A. and {Porredon}, A. and {Prat}, J. and 
	{Pujol}, A. and {Rau}, M.~M. and {Refregier}, A. and {Ricker}, P.~M. and 
	{Roe}, N. and {Rollins}, R.~P. and {Romer}, A.~K. and {Roodman}, A. and 
	{Rosenfeld}, R. and {Ross}, A.~J. and {Rozo}, E. and {Rykoff}, E.~S. and 
	{Sako}, M. and {Salvador}, A.~I. and {Samuroff}, S. and {S{\'a}nchez}, C. and 
	{Sanchez}, E. and {Santiago}, B. and {Scarpine}, V. and {Schindler}, R. and 
	{Scolnic}, D. and {Secco}, L.~F. and {Serrano}, S. and {Sevilla-Noarbe}, I. and 
	{Sheldon}, E. and {Smith}, R.~C. and {Smith}, M. and {Smith}, J. and 
	{Soares-Santos}, M. and {Sobreira}, F. and {Suchyta}, E. and 
	{Tarle}, G. and {Thomas}, D. and {Troxel}, M.~A. and {Tucker}, D.~L. and 
	{Tucker}, B.~E. and {Uddin}, S.~A. and {Varga}, T.~N. and {Vielzeuf}, P. and 
	{Vikram}, V. and {Vivas}, A.~K. and {Walker}, A.~R. and {Wang}, M. and 
	{Wechsler}, R.~H. and {Weller}, J. and {Wester}, W. and {Wolf}, R.~C. and 
	{Yanny}, B. and {Yuan}, F. and {Zenteno}, A. and {Zhang}, B. and 
	{Zhang}, Y. and {Zuntz}, J.},
    title = "{Dark Energy Survey Year 1 Results: Cosmological Constraints from Galaxy Clustering and Weak Lensing}",
  journal = {ArXiv e-prints},
archivePrefix = "arXiv",
   eprint = {1708.01530},
 keywords = {Astrophysics - Cosmology and Nongalactic Astrophysics},
     year = 2017,
    month = aug,
   adsurl = {http://adsabs.harvard.edu/abs/2017arXiv170801530D},
  adsnote = {Provided by the SAO/NASA Astrophysics Data System}
}

#############VIKINGS############

@ARTICLE{viking2015,
   author = {{Venemans}, B.~P. and {Verdoes Kleijn}, G.~A. and {Mwebaze}, J. and 
	{Valentijn}, E.~A. and {Ba{\~n}ados}, E. and {Decarli}, R. and 
	{de Jong}, J.~T.~A. and {Findlay}, J.~R. and {Kuijken}, K.~H. and 
	{La Barbera}, F. and {McFarland}, J.~P. and {McMahon}, R.~G. and 
	{Napolitano}, N. and {Sikkema}, G. and {Sutherland}, W.~J.},
    title = "{First discoveries of z {\tilde} 6 quasars with the Kilo-Degree Survey and VISTA Kilo-Degree Infrared Galaxy survey}",
  journal = {\mnras},
archivePrefix = "arXiv",
   eprint = {1507.00726},
 keywords = {galaxies: active, quasars: general, cosmology: observations},
     year = 2015,
    month = nov,
   volume = 453,
    pages = {2259-2266},
      doi = {10.1093/mnras/stv1774},
   adsurl = {http://adsabs.harvard.edu/abs/2015MNRAS.453.2259V},
  adsnote = {Provided by the SAO/NASA Astrophysics Data System}
}

@ARTICLE{viking2013,
   author = {{Edge}, A. and {Sutherland}, W. and {Kuijken}, K. and {Driver}, S. and 
	{McMahon}, R. and {Eales}, S. and {Emerson}, J.~P.},
    title = "{The VISTA Kilo-degree Infrared Galaxy (VIKING) Survey: Bridging the Gap between Low and High Redshift}",
  journal = {The Messenger},
     year = 2013,
    month = dec,
   volume = 154,
    pages = {32-34},
   adsurl = {http://adsabs.harvard.edu/abs/2013Msngr.154...32E},
  adsnote = {Provided by the SAO/NASA Astrophysics Data System}
}

@ARTICLE{KV450,
   author = {{Wright}, A.~H. and {Hildebrandt}, H. and {Kuijken}, K. and 
	{Erben}, T. and {Blake}, R. and {Buddelmeijer}, H. and {Choi}, A. and 
	{Cross}, N. and {de Jong}, J.~T.~A. and {Edge}, A. and {Gonzalez-Fernandez}, C. and 
	{Gonz{\'a}lez Solares}, E. and {Grado}, A. and {Heymans}, C. and 
	{Irwin}, M. and {Kupcu Yoldas}, A. and {Lewis}, J.~R. and {Mann}, R.~G. and 
	{Napolitano}, N. and {Radovich}, M. and {Schneider}, P. and 
	{Sif{\'o}n}, C. and {Sutherland}, W. and {Sutorius}, E. and 
	{Verdoes Kleijn}, G.~A.},
    title = "{KiDS+VIKING-450: A new combined optical {\amp} near-IR dataset for cosmology and astrophysics}",
  journal = {arXiv e-prints},
archivePrefix = "arXiv",
   eprint = {1812.06077},
 keywords = {Astrophysics - Cosmology and Nongalactic Astrophysics, Astrophysics - Astrophysics of Galaxies, Astrophysics - Instrumentation and Methods for Astrophysics},
     year = 2018,
    month = dec,
   adsurl = {http://adsabs.harvard.edu/abs/2018arXiv181206077W},
  adsnote = {Provided by the SAO/NASA Astrophysics Data System}
}


@article{bfgs,
   author = {{Byrd}, R. H. and {Nocedal}, J. and {Schnabel}, R. B.}, 
   journal = {Mathematical Programming},
     year = 1994,
   volume = 63,
    pages = {129-156},
    doi={10.1007/BF01582063}
}

@ARTICLE{morrison2015,
   author = {{Morrison}, C.~B. and {Hildebrandt}, H.},
    title = "{Mitigating systematic errors in angular correlation function measurements from wide field surveys}",
  journal = {\mnras},
archivePrefix = "arXiv",
   eprint = {1509.04290},
 keywords = {gravitational lensing: weak, methods: data analysis, galaxies: photometry, galaxies: statistics},
     year = 2015,
    month = dec,
   volume = 454,
    pages = {3121-3133},
      doi = {10.1093/mnras/stv2103},
   adsurl = {http://adsabs.harvard.edu/abs/2015MNRAS.454.3121M},
  adsnote = {Provided by the SAO/NASA Astrophysics Data System}
}
@ARTICLE{sextractor,
   author = {{Bertin}, E. and {Arnouts}, S.},
    title = "{SExtractor: Software for source extraction.}",
  journal = {\aaps},
 keywords = {METHODS: DATA ANALYSIS, TECHNIQUES: IMAGE PROCESSING, GALAXIES: PHOTOMETRY},
     year = 1996,
    month = jun,
   volume = 117,
    pages = {393-404},
      doi = {10.1051/aas:1996164},
   adsurl = {http://adsabs.harvard.edu/abs/1996A%26AS..117..393B},
  adsnote = {Provided by the SAO/NASA Astrophysics Data System}
}

@ARTICLE{blazek2012,
       author = {{Blazek}, Jonathan and {Mandelbaum}, Rachel and {Seljak}, Uro{\v{s}} and
        {Nakajima}, Reiko},
        title = "{Separating intrinsic alignment and galaxy-galaxy lensing}",
      journal = {\jcap},
     keywords = {Astrophysics - Cosmology and Extragalactic Astrophysics},
         year = 2012,
        month = May,
       volume = {2012},
          eid = {041},
        pages = {041},
          doi = {10.1088/1475-7516/2012/05/041},
archivePrefix = {arXiv},
       eprint = {1204.2264},
 primaryClass = {astro-ph.CO},
       adsurl = {https://ui.adsabs.harvard.edu/#abs/2012JCAP...05..041B},
      adsnote = {Provided by the SAO/NASA Astrophysics Data System}
}

@ARTICLE{Bolzonella2000,
   author = {{Bolzonella}, M. and {Miralles}, J.-M. and {Pell{\'o}}, R.},
    title = "{Photometric redshifts based on standard SED fitting procedures}",
  journal = {\aap},
   eprint = {astro-ph/0003380},
 keywords = {GALAXIES: DISTANCES AND REDSHIFTS, GALAXIES: GENERAL, METHODS: DATA ANALYSIS, TECHNIQUES: PHOTOMETRIC},
     year = 2000,
    month = nov,
   volume = 363,
    pages = {476-492},
   adsurl = {http://adsabs.harvard.edu/abs/2000A%26A...363..476B},
  adsnote = {Provided by the SAO/NASA Astrophysics Data System}
}

@ARTICLE{Brammer2008,
   author = {{Brammer}, G.~B. and {van Dokkum}, P.~G. and {Coppi}, P.},
    title = "{EAZY: A Fast, Public Photometric Redshift Code}",
  journal = {\apj},
archivePrefix = "arXiv",
   eprint = {0807.1533},
 keywords = {cosmology: observations, galaxies: evolution, galaxies: formation},
     year = 2008,
    month = oct,
   volume = 686,
    pages = {1503-1513},
      doi = {10.1086/591786},
   adsurl = {http://adsabs.harvard.edu/abs/2008ApJ...686.1503B},
  adsnote = {Provided by the SAO/NASA Astrophysics Data System}
}

@ARTICLE{Feldmann2006,
   author = {{Feldmann}, R. and {Carollo}, C.~M. and {Porciani}, C. and {Lilly}, S.~J. and 
	{Capak}, P. and {Taniguchi}, Y. and {Le F{\`e}vre}, O. and {Renzini}, A. and 
	{Scoville}, N. and {Ajiki}, M. and {Aussel}, H. and {Contini}, T. and 
	{McCracken}, H. and {Mobasher}, B. and {Murayama}, T. and {Sanders}, D. and 
	{Sasaki}, S. and {Scarlata}, C. and {Scodeggio}, M. and {Shioya}, Y. and 
	{Silverman}, J. and {Takahashi}, M. and {Thompson}, D. and {Zamorani}, G.
	},
    title = "{The Zurich Extragalactic Bayesian Redshift Analyzer and its first application: COSMOS}",
  journal = {\mnras},
   eprint = {astro-ph/0609044},
 keywords = {methods: statistical, galaxies: distances and redshifts, galaxies: evolution, galaxies: formation, galaxies: photometry},
     year = 2006,
    month = oct,
   volume = 372,
    pages = {565-577},
      doi = {10.1111/j.1365-2966.2006.10930.x},
   adsurl = {http://adsabs.harvard.edu/abs/2006MNRAS.372..565F},
  adsnote = {Provided by the SAO/NASA Astrophysics Data System}
}

@ARTICLE{Firth2003,
   author = {{Firth}, A.~E. and {Lahav}, O. and {Somerville}, R.~S.},
    title = "{Estimating photometric redshifts with artificial neural networks}",
  journal = {\mnras},
   eprint = {astro-ph/0203250},
 keywords = {methods: data analysis, surveys, galaxies: distances and redshifts},
     year = 2003,
    month = mar,
   volume = 339,
    pages = {1195-1202},
      doi = {10.1046/j.1365-8711.2003.06271.x},
   adsurl = {http://adsabs.harvard.edu/abs/2003MNRAS.339.1195F},
  adsnote = {Provided by the SAO/NASA Astrophysics Data System}
}


@ARTICLE{Wadadekar2005,
   author = {{Wadadekar}, Y.},
    title = "{Estimating Photometric Redshifts Using Support Vector Machines}",
  journal = {\pasp},
   eprint = {astro-ph/0412005},
 keywords = {Galaxies: Fundamental Parameters, Methods: Statistical},
     year = 2005,
    month = jan,
   volume = 117,
    pages = {79-85},
      doi = {10.1086/427710},
   adsurl = {http://adsabs.harvard.edu/abs/2005PASP..117...79W},
  adsnote = {Provided by the SAO/NASA Astrophysics Data System}
}

@ARTICLE{Way2009,
   author = {{Way}, M.~J. and {Foster}, L.~V. and {Gazis}, P.~R. and {Srivastava}, A.~N.
	},
    title = "{New Approaches to Photometric Redshift Prediction Via Gaussian Process Regression in the Sloan Digital Sky Survey}",
  journal = {\apj},
archivePrefix = "arXiv",
   eprint = {0905.4081},
 primaryClass = "astro-ph.IM",
 keywords = {galaxies: distances and redshifts, methods: statistical},
     year = 2009,
    month = nov,
   volume = 706,
    pages = {623-636},
      doi = {10.1088/0004-637X/706/1/623},
   adsurl = {http://adsabs.harvard.edu/abs/2009ApJ...706..623W},
  adsnote = {Provided by the SAO/NASA Astrophysics Data System}
}


@ARTICLE{Gerdes2010,
   author = {{Gerdes}, D.~W. and {Sypniewski}, A.~J. and {McKay}, T.~A. and 
	{Hao}, J. and {Weis}, M.~R. and {Wechsler}, R.~H. and {Busha}, M.~T.
	},
    title = "{ArborZ: Photometric Redshifts Using Boosted Decision Trees}",
  journal = {\apj},
archivePrefix = "arXiv",
   eprint = {0908.4085},
 primaryClass = "astro-ph.CO",
 keywords = {galaxies: distances and redshifts, galaxies: statistics, large-scale structure of universe, methods: data analysis, methods: statistical},
     year = 2010,
    month = jun,
   volume = 715,
    pages = {823-832},
      doi = {10.1088/0004-637X/715/2/823},
   adsurl = {http://adsabs.harvard.edu/abs/2010ApJ...715..823G},
  adsnote = {Provided by the SAO/NASA Astrophysics Data System}
}

@ARTICLE{Duncan2018,
   author = {{Duncan}, K.~J. and {Jarvis}, M.~J. and {Brown}, M.~J.~I. and 
	{R{\"o}ttgering}, H.~J.~A.},
    title = "{Photometric redshifts for the next generation of deep radio continuum surveys - II. Gaussian processes and hybrid estimates}",
  journal = {\mnras},
archivePrefix = "arXiv",
   eprint = {1712.04476},
 keywords = {galaxies: active, galaxies: distances and redshifts, radio continuum: galaxies},
     year = 2018,
    month = jul,
   volume = 477,
    pages = {5177-5190},
      doi = {10.1093/mnras/sty940},
   adsurl = {http://adsabs.harvard.edu/abs/2018MNRAS.477.5177D},
  adsnote = {Provided by the SAO/NASA Astrophysics Data System}
}



@ARTICLE{des_y1_cosmology,
   author = {{Abbott}, T.~M.~C. and {Abdalla}, F.~B. and {Alarcon}, A. and 
	{Aleksi{\'c}}, J. and {Allam}, S. and {Allen}, S. and {Amara}, A. and 
	{Annis}, J. and {Asorey}, J. and {Avila}, S. and {Bacon}, D. and 
	{Balbinot}, E. and {Banerji}, M. and {Banik}, N. and {Barkhouse}, W. and 
	{Baumer}, M. and {Baxter}, E. and {Bechtol}, K. and {Becker}, M.~R. and 
	{Benoit-L{\'e}vy}, A. and {Benson}, B.~A. and {Bernstein}, G.~M. and 
	{Bertin}, E. and {Blazek}, J. and {Bridle}, S.~L. and {Brooks}, D. and 
	{Brout}, D. and {Buckley-Geer}, E. and {Burke}, D.~L. and {Busha}, M.~T. and 
	{Campos}, A. and {Capozzi}, D. and {Carnero Rosell}, A. and 
	{Carrasco Kind}, M. and {Carretero}, J. and {Castander}, F.~J. and 
	{Cawthon}, R. and {Chang}, C. and {Chen}, N. and {Childress}, M. and 
	{Choi}, A. and {Conselice}, C. and {Crittenden}, R. and {Crocce}, M. and 
	{Cunha}, C.~E. and {D'Andrea}, C.~B. and {da Costa}, L.~N. and 
	{Das}, R. and {Davis}, T.~M. and {Davis}, C. and {De Vicente}, J. and 
	{DePoy}, D.~L. and {DeRose}, J. and {Desai}, S. and {Diehl}, H.~T. and 
	{Dietrich}, J.~P. and {Dodelson}, S. and {Doel}, P. and {Drlica-Wagner}, A. and 
	{Eifler}, T.~F. and {Elliott}, A.~E. and {Elsner}, F. and {Elvin-Poole}, J. and 
	{Estrada}, J. and {Evrard}, A.~E. and {Fang}, Y. and {Fernandez}, E. and 
	{Fert{\'e}}, A. and {Finley}, D.~A. and {Flaugher}, B. and {Fosalba}, P. and 
	{Friedrich}, O. and {Frieman}, J. and {Garc{\'{\i}}a-Bellido}, J. and 
	{Garcia-Fernandez}, M. and {Gatti}, M. and {Gaztanaga}, E. and 
	{Gerdes}, D.~W. and {Giannantonio}, T. and {Gill}, M.~S.~S. and 
	{Glazebrook}, K. and {Goldstein}, D.~A. and {Gruen}, D. and 
	{Gruendl}, R.~A. and {Gschwend}, J. and {Gutierrez}, G. and 
	{Hamilton}, S. and {Hartley}, W.~G. and {Hinton}, S.~R. and 
	{Honscheid}, K. and {Hoyle}, B. and {Huterer}, D. and {Jain}, B. and 
	{James}, D.~J. and {Jarvis}, M. and {Jeltema}, T. and {Johnson}, M.~D. and 
	{Johnson}, M.~W.~G. and {Kacprzak}, T. and {Kent}, S. and {Kim}, A.~G. and 
	{King}, A. and {Kirk}, D. and {Kokron}, N. and {Kovacs}, A. and 
	{Krause}, E. and {Krawiec}, C. and {Kremin}, A. and {Kuehn}, K. and 
	{Kuhlmann}, S. and {Kuropatkin}, N. and {Lacasa}, F. and {Lahav}, O. and 
	{Li}, T.~S. and {Liddle}, A.~R. and {Lidman}, C. and {Lima}, M. and 
	{Lin}, H. and {MacCrann}, N. and {Maia}, M.~A.~G. and {Makler}, M. and 
	{Manera}, M. and {March}, M. and {Marshall}, J.~L. and {Martini}, P. and 
	{McMahon}, R.~G. and {Melchior}, P. and {Menanteau}, F. and 
	{Miquel}, R. and {Miranda}, V. and {Mudd}, D. and {Muir}, J. and 
	{M{\"o}ller}, A. and {Neilsen}, E. and {Nichol}, R.~C. and {Nord}, B. and 
	{Nugent}, P. and {Ogando}, R.~L.~C. and {Palmese}, A. and {Peacock}, J. and 
	{Peiris}, H.~V. and {Peoples}, J. and {Percival}, W.~J. and 
	{Petravick}, D. and {Plazas}, A.~A. and {Porredon}, A. and {Prat}, J. and 
	{Pujol}, A. and {Rau}, M.~M. and {Refregier}, A. and {Ricker}, P.~M. and 
	{Roe}, N. and {Rollins}, R.~P. and {Romer}, A.~K. and {Roodman}, A. and 
	{Rosenfeld}, R. and {Ross}, A.~J. and {Rozo}, E. and {Rykoff}, E.~S. and 
	{Sako}, M. and {Salvador}, A.~I. and {Samuroff}, S. and {S{\'a}nchez}, C. and 
	{Sanchez}, E. and {Santiago}, B. and {Scarpine}, V. and {Schindler}, R. and 
	{Scolnic}, D. and {Secco}, L.~F. and {Serrano}, S. and {Sevilla-Noarbe}, I. and 
	{Sheldon}, E. and {Smith}, R.~C. and {Smith}, M. and {Smith}, J. and 
	{Soares-Santos}, M. and {Sobreira}, F. and {Suchyta}, E. and 
	{Tarle}, G. and {Thomas}, D. and {Troxel}, M.~A. and {Tucker}, D.~L. and 
	{Tucker}, B.~E. and {Uddin}, S.~A. and {Varga}, T.~N. and {Vielzeuf}, P. and 
	{Vikram}, V. and {Vivas}, A.~K. and {Walker}, A.~R. and {Wang}, M. and 
	{Wechsler}, R.~H. and {Weller}, J. and {Wester}, W. and {Wolf}, R.~C. and 
	{Yanny}, B. and {Yuan}, F. and {Zenteno}, A. and {Zhang}, B. and 
	{Zhang}, Y. and {Zuntz}, J. and {Dark Energy Survey Collaboration}
	},
    title = "{Dark Energy Survey year 1 results: Cosmological constraints from galaxy clustering and weak lensing}",
  journal = {\prd},
     year = 2018,
    month = aug,
   volume = 98,
   number = 4,
      eid = {043526},
    pages = {043526},
      doi = {10.1103/PhysRevD.98.043526},
   adsurl = {http://adsabs.harvard.edu/abs/2018PhRvD..98d3526A},
  adsnote = {Provided by the SAO/NASA Astrophysics Data System}
}

@ARTICLE{gladders1998,
   author = {{Gladders}, M.~D. and {L{\'o}pez-Cruz}, O. and {Yee}, H.~K.~C. and 
	{Kodama}, T.},
    title = "{The Slope of the Cluster Elliptical Red Sequence: A Probe of Cluster Evolution}",
  journal = {\apj},
   eprint = {astro-ph/9802167},
 keywords = {GALAXIES: CLUSTERS: GENERAL, GALAXIES: ELLIPTICAL AND LENTICULAR, CD, GALAXY: EVOLUTION, GALAXIES: FORMATION, GALAXIES: PHOTOMETRY, GALAXIES: STELLAR CONTENT, Galaxies: Clusters: General, Galaxies: Elliptical and Lenticular, cD, Galaxies: Evolution, Galaxies: Formation, Galaxies: Photometry, Galaxies: Stellar Content},
     year = 1998,
    month = jul,
   volume = 501,
    pages = {571-577},
      doi = {10.1086/305858},
   adsurl = {http://adsabs.harvard.edu/abs/1998ApJ...501..571G},
  adsnote = {Provided by the SAO/NASA Astrophysics Data System}
}

@ARTICLE{bower1992,
   author = {{Bower}, R.~G. and {Lucey}, J.~R. and {Ellis}, R.~S.},
    title = "{Precision Photometry of Early Type Galaxies in the Coma and Virgo Clusters - a Test of the Universality of the Colour / Magnitude Relation - Part Two - Analysis}",
  journal = {\mnras},
     year = 1992,
    month = feb,
   volume = 254,
    pages = {601},
      doi = {10.1093/mnras/254.4.601},
   adsurl = {http://adsabs.harvard.edu/abs/1992MNRAS.254..601B},
  adsnote = {Provided by the SAO/NASA Astrophysics Data System}
}

@ARTICLE{stanford1998,
   author = {{Stanford}, S.~A. and {Eisenhardt}, P.~R. and {Dickinson}, M.
	},
    title = "{The Evolution of Early-Type Galaxies in Distant Clusters}",
  journal = {\apj},
   eprint = {astro-ph/9708037},
 keywords = {GALAXIES: CLUSTERS: GENERAL, GALAXIES: ELLIPTICAL AND LENTICULAR, CD, GALAXIES: EVOLUTION, GALAXIES: PHOTOMETRY, Galaxies: Clusters: General, Galaxies: Elliptical and Lenticular, cD, Galaxies: Evolution, Galaxies: Photometry},
     year = 1998,
    month = jan,
   volume = 492,
    pages = {461-479},
      doi = {10.1086/305050},
   adsurl = {http://adsabs.harvard.edu/abs/1998ApJ...492..461S},
  adsnote = {Provided by the SAO/NASA Astrophysics Data System}
}

@ARTICLE{ellis1997,
   author = {{Ellis}, R.~S. and {Smail}, I. and {Dressler}, A. and {Couch}, W.~J. and 
	{Oemler}, Jr., A. and {Butcher}, H. and {Sharples}, R.~M.},
    title = "{The Homogeneity of Spheroidal Populations in Distant Clusters}",
  journal = {\apj},
   eprint = {astro-ph/9607154},
 keywords = {Cosmology: Observations, Galaxies: Clusters: General, Galaxies: Evolution, Galaxies: Photometry},
     year = 1997,
    month = jul,
   volume = 483,
    pages = {582-596},
      doi = {10.1086/304261},
   adsurl = {http://adsabs.harvard.edu/abs/1997ApJ...483..582E},
  adsnote = {Provided by the SAO/NASA Astrophysics Data System}
}

@ARTICLE{kuijken2019,
       author = {{Kuijken}, K. and {Heymans}, C. and {Dvornik}, A. and {Hildebrandt}, H. and
         {de Jong}, J.~T.~A. and {Wright}, A.~H. and {Erben}, T. and
         {Bilicki}, M. and {Giblin}, B. and {Shan}, H. -Y. and {Getman}, F. and
         {Grado}, A. and {Hoekstra}, H. and {Miller}, L. and {Napolitano}, N. and
         {Paolilo}, M. and {Radovich}, M. and {Schneider}, P. and {Sutherland
        }, W. and {Tewes}, M. and {Tortora}, C. and {Valentijn}, E.~A. and
         {Verdoes Kleijn}, G.~A.},
        title = "{The fourth data release of the Kilo-Degree Survey: ugri imaging and nine-band optical-IR photometry over 1000 square degrees}",
      journal = {arXiv e-prints},
     keywords = {Astrophysics - Astrophysics of Galaxies, Astrophysics - Cosmology and Nongalactic Astrophysics},
         year = "2019",
        month = "Feb",
          eid = {arXiv:1902.11265},
        pages = {arXiv:1902.11265},
archivePrefix = {arXiv},
       eprint = {1902.11265},
 primaryClass = {astro-ph.GA},
       adsurl = {https://ui.adsabs.harvard.edu/\#abs/2019arXiv190211265K},
      adsnote = {Provided by the SAO/NASA Astrophysics Data System}
}

@ARTICLE{kuijken2019,
       author = {{Kuijken}, K. and {Heymans}, C. and {Dvornik}, A. and {Hildebrandt}, H. and
         {de Jong}, J.~T.~A. and {Wright}, A.~H. and {Erben}, T. and
         {Bilicki}, M. and {Giblin}, B. and {Shan}, H. -Y. and {Getman}, F. and
         {Grado}, A. and {Hoekstra}, H. and {Miller}, L. and {Napolitano}, N. and
         {Paolilo}, M. and {Radovich}, M. and {Schneider}, P. and {Sutherland
        }, W. and {Tewes}, M. and {Tortora}, C. and {Valentijn}, E.~A. and
         {Verdoes Kleijn}, G.~A.},
        title = "{The fourth data release of the Kilo-Degree Survey: ugri imaging and nine-band optical-IR photometry over 1000 square degrees}",
      journal = {\aap},
     keywords = {galaxies: general, surveys, large-scale structure of Universe, Astrophysics - Astrophysics of Galaxies, Astrophysics - Cosmology and Nongalactic Astrophysics},
         year = "2019",
        month = "May",
       volume = {625},
          eid = {A2},
        pages = {A2},
          doi = {10.1051/0004-6361/201834918},
archivePrefix = {arXiv},
       eprint = {1902.11265},
 primaryClass = {astro-ph.GA},
       adsurl = {https://ui.adsabs.harvard.edu/abs/2019A&A...625A...2K},
      adsnote = {Provided by the SAO/NASA Astrophysics Data System}
}

@ARTICLE{hendrik2018,
       author = {{Hildebrandt}, H. and {K{\"o}hlinger}, F. and {van den Busch}, J.~L. and
         {Joachimi}, B. and {Heymans}, C. and {Kannawadi}, A. and
         {Wright}, A.~H. and {Asgari}, M. and {Blake}, C. and {Hoekstra}, H. and
         {Joudaki}, S. and {Kuijken}, K. and {Miller}, L. and {Morrison}, C.~B. and
         {Tr{\"o}ster}, T. and {Amon}, A. and {Archidiacono}, M. and
         {Brieden}, S. and {Choi}, A. and {de Jong}, J.~T.~A. and {Erben}, T. and
         {Giblin}, B. and {Mead}, A. and {Peacock}, J.~A. and {Radovich}, M. and
         {Schneider}, P. and {Sif{\'o}n}, C. and {Tewes}, M.},
        title = "{KiDS+VIKING-450: Cosmic shear tomography with optical+infrared data}",
      journal = {arXiv e-prints},
     keywords = {Astrophysics - Cosmology and Nongalactic Astrophysics},
         year = "2018",
        month = "Dec",
          eid = {arXiv:1812.06076},
        pages = {arXiv:1812.06076},
archivePrefix = {arXiv},
       eprint = {1812.06076},
 primaryClass = {astro-ph.CO},
       adsurl = {https://ui.adsabs.harvard.edu/abs/2018arXiv181206076H},
      adsnote = {Provided by the SAO/NASA Astrophysics Data System}
}

@ARTICLE{hikage2019,
       author = {{Hikage}, Chiaki and {Oguri}, Masamune and {Hamana}, Takashi and
         {More}, Surhud and {Mandelbaum}, Rachel and {Takada}, Masahiro and
         {K{\"o}hlinger}, Fabian and {Miyatake}, Hironao and
         {Nishizawa}, Atsushi J. and {Aihara}, Hiroaki and {Armstrong}, Robert and
         {Bosch}, James and {Coupon}, Jean and {Ducout}, Anne and {Ho}, Paul and
         {Hsieh}, Bau-Ching and {Komiyama}, Yutaka and
         {Lanusse}, Fran{\c{c}}ois and {Leauthaud}, Alexie and
         {Lupton}, Robert H. and {Medezinski}, Elinor and {Mineo}, Sogo and
         {Miyama}, Shoken and {Miyazaki}, Satoshi and {Murata}, Ryoma and
         {Murayama}, Hitoshi and {Shirasaki}, Masato and
         {Sif{\'o}n}, Crist{\'o}bal and {Simet}, Melanie and {Speagle}, Joshua and
         {Spergel}, David N. and {Strauss}, Michael A. and {Sugiyama}, Naoshi and
         {Tanaka}, Masayuki and {Utsumi}, Yousuke and {Wang}, Shiang-Yu and
         {Yamada}, Yoshihiko},
        title = "{Cosmology from cosmic shear power spectra with Subaru Hyper Suprime-Cam first-year data}",
      journal = {\pasj},
     keywords = {dark matter, gravitational lensing: weak, large-scale structure of universe, Astrophysics - Cosmology and Nongalactic Astrophysics},
         year = "2019",
        month = "Apr",
       volume = {71},
       number = {2},
          eid = {43},
        pages = {43},
          doi = {10.1093/pasj/psz010},
archivePrefix = {arXiv},
       eprint = {1809.09148},
 primaryClass = {astro-ph.CO},
       adsurl = {https://ui.adsabs.harvard.edu/abs/2019PASJ...71...43H},
      adsnote = {Provided by the SAO/NASA Astrophysics Data System}
}

@ARTICLE{Sam2019,
       author = {{Samuroff}, S. and {Blazek}, J. and {Troxel}, M.~A. and {MacCrann}, N. and
         {Krause}, E. and {Leonard}, C.~D. and {Prat}, J. and {Gruen}, D. and
         {Dodelson}, S. and {Eifler}, T.~F. and {Gatti}, M. and
         {Hartley}, W.~G. and {Hoyle}, B. and {Larsen}, P. and {Zuntz}, J. and
         {Abbott}, T.~M.~C. and {Allam}, S. and {Annis}, J. and
         {Bernstein}, G.~M. and {Bertin}, E. and {Bridle}, S.~L. and
         {Brooks}, D. and {Rosell}, A. Carnero and {Kind}, M. Carrasco and
         {Carretero}, J. and {Castander}, F.~J. and {Cunha}, C.~E. and
         {da Costa}, L.~N. and {Davis}, C. and {De Vicente}, J. and
         {DePoy}, D.~L. and {Desai}, S. and {Diehl}, H.~T. and
         {Dietrich}, J.~P. and {Doel}, P. and {Flaugher}, B. and {Fosalba}, P. and
         {Frieman}, J. and {Garc{\'\i}a-Bellido}, J. and {Gaztanaga}, E. and
         {Gerdes}, D.~W. and {Gruendl}, R.~A. and {Gschwend}, J. and
         {Gutierrez}, G. and {Hollowood}, D.~L. and {Honscheid}, K. and
         {James}, D.~J. and {Kuehn}, K. and {Kuropatkin}, N. and {Lima}, M. and
         {Maia}, M.~A.~G. and {March}, M. and {Marshall}, J.~L. and
         {Martini}, P. and {Melchior}, P. and {Menanteau}, F. and
         {Miller}, C.~J. and {Miquel}, R. and {Ogando}, R.~L.~C. and
         {Plazas}, A.~A. and {Sanchez}, E. and {Scarpine}, V. and
         {Schindler}, R. and {Schubnell}, M. and {Serrano}, S. and
         {Sevilla-Noarbe}, I. and {Sheldon}, E. and {Smith}, M. and
         {Sobreira}, F. and {Suchyta}, E. and {Tarle}, G. and {Thomas}, D. and
         {Vikram}, V.},
        title = "{Dark Energy Survey Year 1 Results: Constraints on Intrinsic Alignments and their Colour Dependence from Galaxy Clustering and Weak Lensing}",
      journal = {\mnras},
     keywords = {cosmological parameters, cosmology: observations, gravitational lensing: weak, galaxies: statistics, Astrophysics - Cosmology and Nongalactic Astrophysics},
         year = "2019",
        month = "Aug",
        pages = {2187},
          doi = {10.1093/mnras/stz2197},
archivePrefix = {arXiv},
       eprint = {1811.06989},
 primaryClass = {astro-ph.CO},
       adsurl = {https://ui.adsabs.harvard.edu/abs/2019MNRAS.tmp.2187S},
      adsnote = {Provided by the SAO/NASA Astrophysics Data System}
}

@ARTICLE{cosmolike,
       author = {{Krause}, Elisabeth and {Eifler}, Tim},
        title = "{cosmolike - cosmological likelihood analyses for photometric galaxy surveys}",
      journal = {\mnras},
     keywords = {cosmological parameters, large-scale structure of Universe, cosmology: theory, Astrophysics - Cosmology and Nongalactic Astrophysics},
         year = "2017",
        month = "Sep",
       volume = {470},
       number = {2},
        pages = {2100-2112},
          doi = {10.1093/mnras/stx1261},
archivePrefix = {arXiv},
       eprint = {1601.05779},
 primaryClass = {astro-ph.CO},
       adsurl = {https://ui.adsabs.harvard.edu/abs/2017MNRAS.470.2100K},
      adsnote = {Provided by the SAO/NASA Astrophysics Data System}
}

@ARTICLE{oguri2018,
       author = {{Oguri}, Masamune and {Lin}, Yen-Ting and {Lin}, Sheng-Chieh and
         {Nishizawa}, Atsushi J. and {More}, Anupreeta and {More}, Surhud and
         {Hsieh}, Bau-Ching and {Medezinski}, Elinor and {Miyatake}, Hironao and
         {Jian}, Hung-Yu and {Lin}, Lihwai and {Takada}, Masahiro and
         {Okabe}, Nobuhiro and {Speagle}, Joshua S. and {Coupon}, Jean and
         {Leauthaud}, Alexie and {Lupton}, Robert H. and {Miyazaki}, Satoshi and
         {Price}, Paul A. and {Tanaka}, Masayuki and {Chiu}, I. -Non and
         {Komiyama}, Yutaka and {Okura}, Yuki and {Tanaka}, Manobu M. and
         {Usuda}, Tomonori},
        title = "{An optically-selected cluster catalog at redshift 0.1 \&lt; z \&lt; 1.1 from the Hyper Suprime-Cam Subaru Strategic Program S16A data}",
      journal = {\pasj},
     keywords = {catalogs, cosmology: observations, galaxies: clusters: general, Astrophysics - Cosmology and Nongalactic Astrophysics},
         year = "2018",
        month = "Jan",
       volume = {70},
          eid = {S20},
        pages = {S20},
          doi = {10.1093/pasj/psx042},
archivePrefix = {arXiv},
       eprint = {1701.00818},
 primaryClass = {astro-ph.CO},
       adsurl = {https://ui.adsabs.harvard.edu/abs/2018PASJ...70S..20O},
      adsnote = {Provided by the SAO/NASA Astrophysics Data System}
}

@ARTICLE{vakili2019,
       author = {{Vakili}, Mohammadjavad and {Bilicki}, Maciej and {Hoekstra}, Henk and
         {Chisari}, Nora Elisa and {Brown}, Michael J.~I. and
         {Georgiou}, Christos and {Kannawadi}, Arun and {Kuijken}, Konrad and
         {Wright}, Angus H.},
        title = "{Luminous red galaxies in the Kilo-Degree Survey: selection with broad-band photometry and weak lensing measurements}",
      journal = {\mnras},
     keywords = {gravitational lensing: weak, methods: data analysis, methods: statistical, galaxies: distances and redshifts, Astrophysics - Cosmology and Nongalactic Astrophysics},
         year = "2019",
        month = "Aug",
       volume = {487},
       number = {3},
        pages = {3715-3733},
          doi = {10.1093/mnras/stz1249},
archivePrefix = {arXiv},
       eprint = {1811.02518},
 primaryClass = {astro-ph.CO},
       adsurl = {https://ui.adsabs.harvard.edu/abs/2019MNRAS.487.3715V},
      adsnote = {Provided by the SAO/NASA Astrophysics Data System}
}



@ARTICLE{joudaki2019,
       author = {{Joudaki}, S. and {Hildebrandt}, H. and {Traykova}, D. and
         {Chisari}, N.~E. and {Heymans}, C. and {Kannawadi}, A. and
         {Kuijken}, K. and {Wright}, A.~H. and {Asgari}, M. and {Erben}, T. and
         {Hoekstra}, H. and {Joachimi}, B. and {Miller}, L. and
         {Tr{\"o}ster}, T. and {van den Busch}, J.~L.},
        title = "{KiDS+VIKING-450 and DES-Y1 combined: Cosmology with cosmic shear}",
      journal = {arXiv e-prints},
     keywords = {Astrophysics - Cosmology and Nongalactic Astrophysics},
         year = "2019",
        month = "Jun",
          eid = {arXiv:1906.09262},
        pages = {arXiv:1906.09262},
archivePrefix = {arXiv},
       eprint = {1906.09262},
 primaryClass = {astro-ph.CO},
       adsurl = {https://ui.adsabs.harvard.edu/abs/2019arXiv190609262J},
      adsnote = {Provided by the SAO/NASA Astrophysics Data System}
}

@ARTICLE{davis2015,
       author = {{Davies}, L.~J.~M. and {Driver}, S.~P. and {Robotham}, A.~S.~G. and
         {Baldry}, I.~K. and {Lange}, R. and {Liske}, J. and {Meyer}, M. and
         {Popping}, A. and {Wilkins}, S.~M. and {Wright}, A.~H.},
        title = "{Galaxy And Mass Assembly (GAMA): curation and reanalysis of 16.6k redshifts in the G10/COSMOS region}",
      journal = {\mnras},
     keywords = {catalogues, surveys, galaxies: distances and redshifts, galaxies: general, galaxies: high-redshift, Astrophysics - Astrophysics of Galaxies},
         year = "2015",
        month = "Feb",
       volume = {447},
       number = {1},
        pages = {1014-1027},
          doi = {10.1093/mnras/stu2515},
archivePrefix = {arXiv},
       eprint = {1409.3574},
 primaryClass = {astro-ph.GA},
       adsurl = {https://ui.adsabs.harvard.edu/abs/2015MNRAS.447.1014D},
      adsnote = {Provided by the SAO/NASA Astrophysics Data System}
}

%%%%%%%%%%%%%%%%%%%%%%%%  SYSTEMATIC PAPER %%%%%%%%%%%%%%%%%%%


@ARTICLE{Johntson2019,
       author = {{Johnston}, H. etal},
        title = "{Organised Randoms: Mirroring systematic galaxy density modes with random galaxy catalogues from Self-Organising Maps}",
      journal = {in prep},
         year = "2019"}
         
@ARTICLE{rezaie2019,
       author = {{Rezaie}, Mehdi and {Seo}, Hee-Jong and {Ross}, Ashley J. and
         {Bunescu}, Razvan C.},
        title = "{Improving Galaxy Clustering Measurements with Deep Learning: analysis of the DECaLS DR7 data}",
      journal = {arXiv e-prints},
     keywords = {Astrophysics - Cosmology and Nongalactic Astrophysics, Astrophysics - Instrumentation and Methods for Astrophysics, Physics - Data Analysis, Statistics and Probability},
         year = "2019",
        month = "Jul",
          eid = {arXiv:1907.11355},
        pages = {arXiv:1907.11355},
archivePrefix = {arXiv},
       eprint = {1907.11355},
 primaryClass = {astro-ph.CO},
       adsurl = {https://ui.adsabs.harvard.edu/abs/2019arXiv190711355R},
      adsnote = {Provided by the SAO/NASA Astrophysics Data System}
}

@ARTICLE{Kalus2019,
       author = {{Kalus}, B. and {Percival}, W.~J. and {Bacon}, D.~J. and
         {Mueller}, E. -M. and {Samushia}, L. and {Verde}, L. and {Ross}, A.~J. and
         {Bernal}, J.~L.},
        title = "{A map-based method for eliminating systematic modes from galaxy clustering power spectra with application to BOSS}",
      journal = {\mnras},
     keywords = {methods: statistical, large-scale structure of Universe, Astrophysics - Cosmology and Nongalactic Astrophysics},
         year = "2019",
        month = "Jan",
       volume = {482},
       number = {1},
        pages = {453-470},
          doi = {10.1093/mnras/sty2655},
archivePrefix = {arXiv},
       eprint = {1806.02789},
 primaryClass = {astro-ph.CO},
       adsurl = {https://ui.adsabs.harvard.edu/abs/2019MNRAS.482..453K},
      adsnote = {Provided by the SAO/NASA Astrophysics Data System}
}

@ARTICLE{crocce2019,
       author = {{Crocce}, M. and {Ross}, A.~J. and {Sevilla-Noarbe}, I. and
         {Gaztanaga}, E. and {Elvin-Poole}, J. and {Avila}, S. and
         {Alarcon}, A. and {Chan}, K.~C. and {Banik}, N. and {Carretero}, J. and
         {Sanchez}, E. and {Hartley}, W.~G. and {S{\'a}nchez}, C. and
         {Giannantonio}, T. and {Rosenfeld}, R. and {Salvador}, A.~I. and
         {Garcia-Fernandez}, M. and {Garc{\'\i}a-Bellido}, J. and
         {Abbott}, T.~M.~C. and {Abdalla}, F.~B. and {Allam}, S. and
         {Annis}, J. and {Bechtol}, K. and {Benoit-L{\'e}vy}, A. and
         {Bernstein}, G.~M. and {Bernstein}, R.~A. and {Bertin}, E. and
         {Brooks}, D. and {Buckley-Geer}, E. and {Carnero Rosell}, A. and
         {Carrasco Kind}, M. and {Castander}, F.~J. and {Cawthon}, R. and
         {Cunha}, C.~E. and {D'Andrea}, C.~B. and {da Costa}, L.~N. and
         {Davis}, C. and {De Vicente}, J. and {Desai}, S. and {Diehl}, H.~T. and
         {Doel}, P. and {Drlica-Wagner}, A. and {Eifler}, T.~F. and
         {Fosalba}, P. and {Frieman}, J. and {Garc{\'\i}a-Bellido}, J. and
         {Gerdes}, D.~W. and {Gruen}, D. and {Gruendl}, R.~A. and
         {Gschwend}, J. and {Gutierrez}, G. and {Hollowood}, D. and
         {Honscheid}, K. and {Jain}, B. and {James}, D.~J. and {Krause}, E. and
         {Kuehn}, K. and {Kuhlmann}, S. and {Kuropatkin}, N. and {Lahav}, O. and
         {Lima}, M. and {Maia}, M.~A.~G. and {Marshall}, J.~L. and
         {Martini}, P. and {Menanteau}, F. and {Miller}, C.~J. and {Miquel}, R. and
         {Nichol}, R.~C. and {Percival}, W.~J. and {Plazas}, A.~A. and
         {Sako}, M. and {Scarpine}, V. and {Schindler}, R. and {Scolnic}, D. and
         {Sheldon}, E. and {Smith}, M. and {Smith}, R.~C. and
         {Soares-Santos}, M. and {Sobreira}, F. and {Suchyta}, E. and
         {Swanson}, M.~E.~C. and {Tarle}, G. and {Thomas}, D. and
         {Tucker}, D.~L. and {Vikram}, V. and {Walker}, A.~R. and {Yanny}, B. and
         {Zhang}, Y. and {Dark Energy Survey Collaboration}},
        title = "{Dark Energy Survey year 1 results: galaxy sample for BAO measurement}",
      journal = {\mnras},
     keywords = {large-scale structure of Universe, cosmology: observations, Astrophysics - Cosmology and Nongalactic Astrophysics},
         year = "2019",
        month = "Jan",
       volume = {482},
       number = {2},
        pages = {2807-2822},
          doi = {10.1093/mnras/sty2522},
archivePrefix = {arXiv},
       eprint = {1712.06211},
 primaryClass = {astro-ph.CO},
       adsurl = {https://ui.adsabs.harvard.edu/abs/2019MNRAS.482.2807C},
      adsnote = {Provided by the SAO/NASA Astrophysics Data System}
}


@ARTICLE{ignacio2018,
       author = {{Sevilla-Noarbe}, I. and {Hoyle}, B. and {March{\~a}}, M.~J. and
         {Soumagnac}, M.~T. and {Bechtol}, K. and {Drlica-Wagner}, A. and
         {Abdalla}, F. and {Aleksi{\'c}}, J. and {Avestruz}, C. and
         {Balbinot}, E. and {Banerji}, M. and {Bertin}, E. and {Bonnett}, C. and
         {Brunner}, R. and {Carrasco-Kind}, M. and {Choi}, A. and
         {Giannantonio}, T. and {Kim}, E. and {Lahav}, O. and {Moraes}, B. and
         {Nord}, B. and {Ross}, A.~J. and {Rykoff}, E.~S. and {Santiago}, B. and
         {Sheldon}, E. and {Wei}, K. and {Wester}, W. and {Yanny}, B. and
         {Abbott}, T. and {Allam}, S. and {Brooks}, D. and {Carnero-Rosell}, A. and
         {Carretero}, J. and {Cunha}, C. and {da Costa}, L. and {Davis}, C. and
         {de Vicente}, J. and {Desai}, S. and {Doel}, P. and {Fernandez}, E. and
         {Flaugher}, B. and {Frieman}, J. and {Garcia-Bellido}, J. and
         {Gaztanaga}, E. and {Gruen}, D. and {Gruendl}, R. and {Gschwend}, J. and
         {Gutierrez}, G. and {Hollowood}, D.~L. and {Honscheid}, K. and
         {James}, D. and {Jeltema}, T. and {Kirk}, D. and {Krause}, E. and
         {Kuehn}, K. and {Li}, T.~S. and {Lima}, M. and {Maia}, M.~A.~G. and
         {March}, M. and {McMahon}, R.~G. and {Menanteau}, F. and {Miquel}, R. and
         {Ogando}, R.~L.~C. and {Plazas}, A.~A. and {Sanchez}, E. and
         {Scarpine}, V. and {Schindler}, R. and {Schubnell}, M. and {Smith}, M. and
         {Smith}, R.~C. and {Soares-Santos}, M. and {Sobreira}, F. and
         {Suchyta}, E. and {Swanson}, M.~E.~C. and {Tarle}, G. and {Thomas}, D. and
         {Tucker}, D.~L. and {Walker}, A.~R. and {DES Collaboration}},
        title = "{Star-galaxy classification in the Dark Energy Survey Y1 data set}",
      journal = {\mnras},
     keywords = {Methods: data analysis, Methods: statistical, Techniques: photometric, Astrophysics - Instrumentation and Methods for Astrophysics, Astrophysics - Cosmology and Nongalactic Astrophysics},
         year = "2018",
        month = "Dec",
       volume = {481},
       number = {4},
        pages = {5451-5469},
          doi = {10.1093/mnras/sty2579},
archivePrefix = {arXiv},
       eprint = {1805.02427},
 primaryClass = {astro-ph.IM},
       adsurl = {https://ui.adsabs.harvard.edu/abs/2018MNRAS.481.5451S},
      adsnote = {Provided by the SAO/NASA Astrophysics Data System}
}

@ARTICLE{alam2017,
       author = {{Alam}, Shadab and {Ata}, Metin and {Bailey}, Stephen and
         {Beutler}, Florian and {Bizyaev}, Dmitry and {Blazek}, Jonathan A. and
         {Bolton}, Adam S. and {Brownstein}, Joel R. and {Burden}, Angela and
         {Chuang}, Chia-Hsun and {Comparat}, Johan and {Cuesta}, Antonio J. and
         {Dawson}, Kyle S. and {Eisenstein}, Daniel J. and
         {Escoffier}, Stephanie and {Gil-Mar{\'\i}n}, H{\'e}ctor and
         {Grieb}, Jan Niklas and {Hand}, Nick and {Ho}, Shirley and
         {Kinemuchi}, Karen and {Kirkby}, David and {Kitaura}, Francisco and
         {Malanushenko}, Elena and {Malanushenko}, Viktor and
         {Maraston}, Claudia and {McBride}, Cameron K. and {Nichol}, Robert C. and
         {Olmstead}, Matthew D. and {Oravetz}, Daniel and {Padmanabhan}, Nikhil and
         {Palanque-Delabrouille}, Nathalie and {Pan}, Kaike and
         {Pellejero-Ibanez}, Marcos and {Percival}, Will J. and
         {Petitjean}, Patrick and {Prada}, Francisco and
         {Price-Whelan}, Adrian M. and {Reid}, Beth A. and
         {Rodr{\'\i}guez-Torres}, Sergio A. and {Roe}, Natalie A. and
         {Ross}, Ashley J. and {Ross}, Nicholas P. and {Rossi}, Graziano and
         {Rubi{\~n}o-Mart{\'\i}n}, Jose Alberto and {Saito}, Shun and
         {Salazar-Albornoz}, Salvador and {Samushia}, Lado and
         {S{\'a}nchez}, Ariel G. and {Satpathy}, Siddharth and
         {Schlegel}, David J. and {Schneider}, Donald P. and
         {Sc{\'o}ccola}, Claudia G. and {Seo}, Hee-Jong and {Sheldon}, Erin S. and
         {Simmons}, Audrey and {Slosar}, An{\v{z}}e and {Strauss}, Michael A. and
         {Swanson}, Molly E.~C. and {Thomas}, Daniel and {Tinker}, Jeremy L. and
         {Tojeiro}, Rita and {Maga{\~n}a}, Mariana Vargas and
         {Vazquez}, Jose Alberto and {Verde}, Licia and {Wake}, David A. and
         {Wang}, Yuting and {Weinberg}, David H. and {White}, Martin and
         {Wood-Vasey}, W. Michael and {Y{\`e}che}, Christophe and
         {Zehavi}, Idit and {Zhai}, Zhongxu and {Zhao}, Gong-Bo},
        title = "{The clustering of galaxies in the completed SDSS-III Baryon Oscillation Spectroscopic Survey: cosmological analysis of the DR12 galaxy sample}",
      journal = {\mnras},
     keywords = {distance scale, large-scale structure of Universe, cosmology: observations, Astrophysics - Cosmology and Nongalactic Astrophysics},
         year = "2017",
        month = "Sep",
       volume = {470},
       number = {3},
        pages = {2617-2652},
          doi = {10.1093/mnras/stx721},
archivePrefix = {arXiv},
       eprint = {1607.03155},
 primaryClass = {astro-ph.CO},
       adsurl = {https://ui.adsabs.harvard.edu/abs/2017MNRAS.470.2617A},
      adsnote = {Provided by the SAO/NASA Astrophysics Data System}
}



@ARTICLE{kwan2017,
       author = {{Kwan}, J. and {S{\'a}nchez}, C. and {Clampitt}, J. and {Blazek}, J. and
         {Crocce}, M. and {Jain}, B. and {Zuntz}, J. and {Amara}, A. and
         {Becker}, M.~R. and {Bernstein}, G.~M. and {Bonnett}, C. and
         {DeRose}, J. and {Dodelson}, S. and {Eifler}, T.~F. and
         {Gaztanaga}, E. and {Giannantonio}, T. and {Gruen}, D. and
         {Hartley}, W.~G. and {Kacprzak}, T. and {Kirk}, D. and {Krause}, E. and
         {MacCrann}, N. and {Miquel}, R. and {Park}, Y. and {Ross}, A.~J. and
         {Rozo}, E. and {Rykoff}, E.~S. and {Sheldon}, E. and {Troxel}, M.~A. and
         {Wechsler}, R.~H. and {Abbott}, T.~M.~C. and {Abdalla}, F.~B. and
         {Allam}, S. and {Benoit-L{\'e}vy}, A. and {Brooks}, D. and
         {Burke}, D.~L. and {Rosell}, A. Carnero and {Carrasco Kind}, M. and
         {Cunha}, C.~E. and {D'Andrea}, C.~B. and {da Costa}, L.~N. and
         {Desai}, S. and {Diehl}, H.~T. and {Dietrich}, J.~P. and {Doel}, P. and
         {Evrard}, A.~E. and {Fernandez}, E. and {Finley}, D.~A. and
         {Flaugher}, B. and {Fosalba}, P. and {Frieman}, J. and {Gerdes}, D.~W. and
         {Gruendl}, R.~A. and {Gutierrez}, G. and {Honscheid}, K. and
         {James}, D.~J. and {Jarvis}, M. and {Kuehn}, K. and {Lahav}, O. and
         {Lima}, M. and {Maia}, M.~A.~G. and {Marshall}, J.~L. and
         {Martini}, P. and {Melchior}, P. and {Mohr}, J.~J. and {Nichol}, R.~C. and
         {Nord}, B. and {Plazas}, A.~A. and {Reil}, K. and {Romer}, A.~K. and
         {Roodman}, A. and {Sanchez}, E. and {Scarpine}, V. and
         {Sevilla-Noarbe}, I. and {Smith}, R.~C. and {Soares-Santos}, M. and
         {Sobreira}, F. and {Suchyta}, E. and {Swanson}, M.~E.~C. and
         {Tarle}, G. and {Thomas}, D. and {Vikram}, V. and {Walker}, A.~R. and
         {DES Collaboration}},
        title = "{Cosmology from large-scale galaxy clustering and galaxy-galaxy lensing with Dark Energy Survey Science Verification data}",
      journal = {\mnras},
     keywords = {gravitational lensing: weak, cosmological parameters, large-scale structure of Universe, Astrophysics - Cosmology and Nongalactic Astrophysics},
         year = "2017",
        month = "Feb",
       volume = {464},
       number = {4},
        pages = {4045-4062},
          doi = {10.1093/mnras/stw2464},
archivePrefix = {arXiv},
       eprint = {1604.07871},
 primaryClass = {astro-ph.CO},
       adsurl = {https://ui.adsabs.harvard.edu/abs/2017MNRAS.464.4045K},
      adsnote = {Provided by the SAO/NASA Astrophysics Data System}
}



@ARTICLE{ross2017,
       author = {{Ross}, Ashley J. and {Beutler}, Florian and {Chuang}, Chia-Hsun and
         {Pellejero-Ibanez}, Marcos and {Seo}, Hee-Jong and
         {Vargas-Maga{\~n}a}, Mariana and {Cuesta}, Antonio J. and
         {Percival}, Will J. and {Burden}, Angela and {S{\'a}nchez}, Ariel G. and
         {Grieb}, Jan Niklas and {Reid}, Beth and {Brownstein}, Joel R. and
         {Dawson}, Kyle S. and {Eisenstein}, Daniel J. and {Ho}, Shirley and
         {Kitaura}, Francisco-Shu and {Nichol}, Robert C. and
         {Olmstead}, Matthew D. and {Prada}, Francisco and
         {Rodr{\'\i}guez-Torres}, Sergio A. and {Saito}, Shun and
         {Salazar-Albornoz}, Salvador and {Schneider}, Donald P. and
         {Thomas}, Daniel and {Tinker}, Jeremy and {Tojeiro}, Rita and
         {Wang}, Yuting and {White}, Martin and {Zhao}, Gong-bo},
        title = "{The clustering of galaxies in the completed SDSS-III Baryon Oscillation Spectroscopic Survey: observational systematics and baryon acoustic oscillations in the correlation function}",
      journal = {\mnras},
     keywords = {cosmology: observations, large-scale structure of Universe, Astrophysics - Cosmology and Nongalactic Astrophysics},
         year = "2017",
        month = "Jan",
       volume = {464},
       number = {1},
        pages = {1168-1191},
          doi = {10.1093/mnras/stw2372},
archivePrefix = {arXiv},
       eprint = {1607.03145},
 primaryClass = {astro-ph.CO},
       adsurl = {https://ui.adsabs.harvard.edu/abs/2017MNRAS.464.1168R},
      adsnote = {Provided by the SAO/NASA Astrophysics Data System}
}

############### GAIA #####################

@article{gaia0,
	author = {{Gaia Collaboration} and {Brown, A. G. A.} and {Vallenari, A.} and {Prusti, T.} and {de Bruijne, J. H. J.} and {Babusiaux, C.} and {Bailer-Jones, C. A. L.} and {Biermann, M.} and {Evans, D. W.} and {Eyer, L.} and {Jansen, F.} and {Jordi, C.} and {Klioner, S. A.} and {Lammers, U.} and {Lindegren, L.} and {Luri, X.} and {Mignard, F.} and {Panem, C.} and {Pourbaix, D.} and {Randich, S.} and {Sartoretti, P.} and {Siddiqui, H. I.} and {Soubiran, C.} and {van Leeuwen, F.} and {Walton, N. A.} and {Arenou, F.} and {Bastian, U.} and {Cropper, M.} and {Drimmel, R.} and {Katz, D.} and {Lattanzi, M. G.} and {Bakker, J.} and {Cacciari, C.} and {Casta\~neda, J.} and {Chaoul, L.} and {Cheek, N.} and {De Angeli, F.} and {Fabricius, C.} and {Guerra, R.} and {Holl, B.} and {Masana, E.} and {Messineo, R.} and {Mowlavi, N.} and {Nienartowicz, K.} and {Panuzzo, P.} and {Portell, J.} and {Riello, M.} and {Seabroke, G. M.} and {Tanga, P.} and {Thévenin, F.} and {Gracia-Abril, G.} and {Comoretto, G.} and {Garcia-Reinaldos, M.} and {Teyssier, D.} and {Altmann, M.} and {Andrae, R.} and {Audard, M.} and {Bellas-Velidis, I.} and {Benson, K.} and {Berthier, J.} and {Blomme, R.} and {Burgess, P.} and {Busso, G.} and {Carry, B.} and {Cellino, A.} and {Clementini, G.} and {Clotet, M.} and {Creevey, O.} and {Davidson, M.} and {De Ridder, J.} and {Delchambre, L.} and {Dell\'{}Oro, A.} and {Ducourant, C.} and {Fernández-Hernández, J.} and {Fouesneau, M.} and {Frémat, Y.} and {Galluccio, L.} and {García-Torres, M.} and {González-Nú\~nez, J.} and {González-Vidal, J. J.} and {Gosset, E.} and {Guy, L. P.} and {Halbwachs, J.-L.} and {Hambly, N. C.} and {Harrison, D. L.} and {Hernández, J.} and {Hestroffer, D.} and {Hodgkin, S. T.} and {Hutton, A.} and {Jasniewicz, G.} and {Jean-Antoine-Piccolo, A.} and {Jordan, S.} and {Korn, A. J.} and {Krone-Martins, A.} and {Lanzafame, A. C.} and {Lebzelter, T.} and {Löffler, W.} and {Manteiga, M.} and {Marrese, P. M.} and {Martín-Fleitas, J. M.} and {Moitinho, A.} and {Mora, A.} and {Muinonen, K.} and {Osinde, J.} and {Pancino, E.} and {Pauwels, T.} and {Petit, J.-M.} and {Recio-Blanco, A.} and {Richards, P. J.} and {Rimoldini, L.} and {Robin, A. C.} and {Sarro, L. M.} and {Siopis, C.} and {Smith, M.} and {Sozzetti, A.} and {Süveges, M.} and {Torra, J.} and {van Reeven, W.} and {Abbas, U.} and {Abreu Aramburu, A.} and {Accart, S.} and {Aerts, C.} and {Altavilla, G.} and {Álvarez, M. A.} and {Alvarez, R.} and {Alves, J.} and {Anderson, R. I.} and {Andrei, A. H.} and {Anglada Varela, E.} and {Antiche, E.} and {Antoja, T.} and {Arcay, B.} and {Astraatmadja, T. L.} and {Bach, N.} and {Baker, S. G.} and {Balaguer-Nú\~nez, L.} and {Balm, P.} and {Barache, C.} and {Barata, C.} and {Barbato, D.} and {Barblan, F.} and {Barklem, P. S.} and {Barrado, D.} and {Barros, M.} and {Barstow, M. A.} and {Bartholomé Mu\~noz, S.} and {Bassilana, J.-L.} and {Becciani, U.} and {Bellazzini, M.} and {Berihuete, A.} and {Bertone, S.} and {Bianchi, L.} and {Bienaymé, O.} and {Blanco-Cuaresma, S.} and {Boch, T.} and {Boeche, C.} and {Bombrun, A.} and {Borrachero, R.} and {Bossini, D.} and {Bouquillon, S.} and {Bourda, G.} and {Bragaglia, A.} and {Bramante, L.} and {Breddels, M. A.} and {Bressan, A.} and {Brouillet, N.} and {Brüsemeister, T.} and {Brugaletta, E.} and {Bucciarelli, B.} and {Burlacu, A.} and {Busonero, D.} and {Butkevich, A. G.} and {Buzzi, R.} and {Caffau, E.} and {Cancelliere, R.} and {Cannizzaro, G.} and {Cantat-Gaudin, T.} and {Carballo, R.} and {Carlucci, T.} and {Carrasco, J. M.} and {Casamiquela, L.} and {Castellani, M.} and {Castro-Ginard, A.} and {Charlot, P.} and {Chemin, L.} and {Chiavassa, A.} and {Cocozza, G.} and {Costigan, G.} and {Cowell, S.} and {Crifo, F.} and {Crosta, M.} and {Crowley, C.} and {Cuypers+, J.} and {Dafonte, C.} and {Damerdji, Y.} and {Dapergolas, A.} and {David, P.} and {David, M.} and {de Laverny, P.} and {De Luise, F.} and {De March, R.} and {de Martino, D.} and {de Souza, R.} and {de Torres, A.} and {Debosscher, J.} and {del Pozo, E.} and {Delbo, M.} and {Delgado, A.} and {Delgado, H. E.} and {Di Matteo, P.} and {Diakite, S.} and {Diener, C.} and {Distefano, E.} and {Dolding, C.} and {Drazinos, P.} and {Durán, J.} and {Edvardsson, B.} and {Enke, H.} and {Eriksson, K.} and {Esquej, P.} and {Eynard Bontemps, G.} and {Fabre, C.} and {Fabrizio, M.} and {Faigler, S.} and {Falc\~ao, A. J.} and {Farràs Casas, M.} and {Federici, L.} and {Fedorets, G.} and {Fernique, P.} and {Figueras, F.} and {Filippi, F.} and {Findeisen, K.} and {Fonti, A.} and {Fraile, E.} and {Fraser, M.} and {Frézouls, B.} and {Gai, M.} and {Galleti, S.} and {Garabato, D.} and {García-Sedano, F.} and {Garofalo, A.} and {Garralda, N.} and {Gavel, A.} and {Gavras, P.} and {Gerssen, J.} and {Geyer, R.} and {Giacobbe, P.} and {Gilmore, G.} and {Girona, S.} and {Giuffrida, G.} and {Glass, F.} and {Gomes, M.} and {Granvik, M.} and {Gueguen, A.} and {Guerrier, A.} and {Guiraud, J.} and {Gutiérrez-Sánchez, R.} and {Haigron, R.} and {Hatzidimitriou, D.} and {Hauser, M.} and {Haywood, M.} and {Heiter, U.} and {Helmi, A.} and {Heu, J.} and {Hilger, T.} and {Hobbs, D.} and {Hofmann, W.} and {Holland, G.} and {Huckle, H. E.} and {Hypki, A.} and {Icardi, V.} and {Janßen, K.} and {Jevardat de Fombelle, G.} and {Jonker, P. G.} and {Juhász, Á. L.} and {Julbe, F.} and {Karampelas, A.} and {Kewley, A.} and {Klar, J.} and {Kochoska, A.} and {Kohley, R.} and {Kolenberg, K.} and {Kontizas, M.} and {Kontizas, E.} and {Koposov, S. E.} and {Kordopatis, G.} and {Kostrzewa-Rutkowska, Z.} and {Koubsky, P.} and {Lambert, S.} and {Lanza, A. F.} and {Lasne, Y.} and {Lavigne, J.-B.} and {Le Fustec, Y.} and {Le Poncin-Lafitte, C.} and {Lebreton, Y.} and {Leccia, S.} and {Leclerc, N.} and {Lecoeur-Taibi, I.} and {Lenhardt, H.} and {Leroux, F.} and {Liao, S.} and {Licata, E.} and {Lindstrøm, H. E. P.} and {Lister, T. A.} and {Livanou, E.} and {Lobel, A.} and {López, M.} and {Managau, S.} and {Mann, R. G.} and {Mantelet, G.} and {Marchal, O.} and {Marchant, J. M.} and {Marconi, M.} and {Marinoni, S.} and {Marschalkó, G.} and {Marshall, D. J.} and {Martino, M.} and {Marton, G.} and {Mary, N.} and {Massari, D.} and {Matijevic, G.} and {Mazeh, T.} and {McMillan, P. J.} and {Messina, S.} and {Michalik, D.} and {Millar, N. R.} and {Molina, D.} and {Molinaro, R.} and {Molnár, L.} and {Montegriffo, P.} and {Mor, R.} and {Morbidelli, R.} and {Morel, T.} and {Morris, D.} and {Mulone, A. F.} and {Muraveva, T.} and {Musella, I.} and {Nelemans, G.} and {Nicastro, L.} and {Noval, L.} and {O\'{}Mullane, W.} and {Ordénovic, C.} and {Ordó\~nez-Blanco, D.} and {Osborne, P.} and {Pagani, C.} and {Pagano, I.} and {Pailler, F.} and {Palacin, H.} and {Palaversa, L.} and {Panahi, A.} and {Pawlak, M.} and {Piersimoni, A. M.} and {Pineau, F.-X.} and {Plachy, E.} and {Plum, G.} and {Poggio, E.} and {Poujoulet, E.} and {Prsa, A.} and {Pulone, L.} and {Racero, E.} and {Ragaini, S.} and {Rambaux, N.} and {Ramos-Lerate, M.} and {Regibo, S.} and {Reylé, C.} and {Riclet, F.} and {Ripepi, V.} and {Riva, A.} and {Rivard, A.} and {Rixon, G.} and {Roegiers, T.} and {Roelens, M.} and {Romero-Gómez, M.} and {Rowell, N.} and {Royer, F.} and {Ruiz-Dern, L.} and {Sadowski, G.} and {Sagristà Sellés, T.} and {Sahlmann, J.} and {Salgado, J.} and {Salguero, E.} and {Sanna, N.} and {Santana-Ros, T.} and {Sarasso, M.} and {Savietto, H.} and {Schultheis, M.} and {Sciacca, E.} and {Segol, M.} and {Segovia, J. C.} and {Ségransan, D.} and {Shih, I-C.} and {Siltala, L.} and {Silva, A. F.} and {Smart, R. L.} and {Smith, K. W.} and {Solano, E.} and {Solitro, F.} and {Sordo, R.} and {Soria Nieto, S.} and {Souchay, J.} and {Spagna, A.} and {Spoto, F.} and {Stampa, U.} and {Steele, I. A.} and {Steidelmüller, H.} and {Stephenson, C. A.} and {Stoev, H.} and {Suess, F. F.} and {Surdej, J.} and {Szabados, L.} and {Szegedi-Elek, E.} and {Tapiador, D.} and {Taris, F.} and {Tauran, G.} and {Taylor, M. B.} and {Teixeira, R.} and {Terrett, D.} and {Teyssandier, P.} and {Thuillot, W.} and {Titarenko, A.} and {Torra Clotet, F.} and {Turon, C.} and {Ulla, A.} and {Utrilla, E.} and {Uzzi, S.} and {Vaillant, M.} and {Valentini, G.} and {Valette, V.} and {van Elteren, A.} and {Van Hemelryck, E.} and {van Leeuwen, M.} and {Vaschetto, M.} and {Vecchiato, A.} and {Veljanoski, J.} and {Viala, Y.} and {Vicente, D.} and {Vogt, S.} and {von Essen, C.} and {Voss, H.} and {Votruba, V.} and {Voutsinas, S.} and {Walmsley, G.} and {Weiler, M.} and {Wertz, O.} and {Wevers, T.} and {Wyrzykowski, L.} and {Yoldas, A.} and {Zerjal, M.} and {Ziaeepour, H.} and {Zorec, J.} and {Zschocke, S.} and {Zucker, S.} and {Zurbach, C.} and {Zwitter, T.}},
	doi = {10.1051/0004-6361/201833051},
	journal = {A\&A},
	pages = {A1},
	title = {Gaia Data Release 2 - Summary of the contents and survey properties},
	url = {https://doi.org/10.1051/0004-6361/201833051},
	volume = 616,
	year = 2018
}


@article{gaia1,
	author = {{Arenou, F.} and {Luri, X.} and {Babusiaux, C.} and {Fabricius, C.} and {Helmi, A.} and {Muraveva, T.} and {Robin, A. C.} and {Spoto, F.} and {Vallenari, A.} and {Antoja, T.} and {Cantat-Gaudin, T.} and {Jordi, C.} and {Leclerc, N.} and {Reylé, C.} and {Romero-Gómez, M.} and {Shih, I.-C.} and {Soria, S.} and {Barache, C.} and {Bossini, D.} and {Bragaglia, A.} and {Breddels, M. A.} and {Fabrizio, M.} and {Lambert, S.} and {Marrese, P. M.} and {Massari, D.} and {Moitinho, A.} and {Robichon, N.} and {Ruiz-Dern, L.} and {Sordo, R.} and {Veljanoski, J.} and {Eyer, L.} and {Jasniewicz, G.} and {Pancino, E.} and {Soubiran, C.} and {Spagna, A.} and {Tanga, P.} and {Turon, C.} and {Zurbach, C.}},
	doi = {10.1051/0004-6361/201833234},
	journal = {A\&A},
	pages = {A17},
	title = {Gaia Data Release 2 - Catalogue validation},
	url = {https://doi.org/10.1051/0004-6361/201833234},
	volume = 616,
	year = 2018
}

@ARTICLE{vakili_hahn,
       author = {{Vakili}, Mohammadjavad and {Hahn}, ChangHoon},
        title = "{How Are Galaxies Assigned to Halos? Searching for Assembly Bias in the SDSS Galaxy Clustering}",
      journal = {\apj},
     keywords = {galaxies: halos, large-scale structure of universe, Astrophysics - Cosmology and Nongalactic Astrophysics},
         year = "2019",
        month = "Feb",
       volume = {872},
       number = {1},
          eid = {115},
        pages = {115},
          doi = {10.3847/1538-4357/aaf1a1},
archivePrefix = {arXiv},
       eprint = {1610.01991},
 primaryClass = {astro-ph.CO},
       adsurl = {https://ui.adsabs.harvard.edu/abs/2019ApJ...872..115V},
      adsnote = {Provided by the SAO/NASA Astrophysics Data System}
}

@ARTICLE{hand2017,
       author = {{Hand}, Nick and {Seljak}, Uro{\v{s}} and {Beutler}, Florian and
         {Vlah}, Zvonimir},
        title = "{Extending the modeling of the anisotropic galaxy power spectrum to k = 0.4 hMpc$^{-1}$}",
      journal = {\jcap},
     keywords = {Astrophysics - Cosmology and Nongalactic Astrophysics},
         year = "2017",
        month = "Oct",
       volume = {2017},
       number = {10},
          eid = {009},
        pages = {009},
          doi = {10.1088/1475-7516/2017/10/009},
archivePrefix = {arXiv},
       eprint = {1706.02362},
 primaryClass = {astro-ph.CO},
       adsurl = {https://ui.adsabs.harvard.edu/abs/2017JCAP...10..009H},
      adsnote = {Provided by the SAO/NASA Astrophysics Data System}
}


@ARTICLE{emu2014,
       author = {{Heitmann}, Katrin and {Lawrence}, Earl and {Kwan}, Juliana and
         {Habib}, Salman and {Higdon}, David},
        title = "{The Coyote Universe Extended: Precision Emulation of the Matter Power Spectrum}",
      journal = {\apj},
     keywords = {large-scale structure of universe, methods: statistical, Astrophysics - Cosmology and Nongalactic Astrophysics},
         year = "2014",
        month = "Jan",
       volume = {780},
       number = {1},
          eid = {111},
        pages = {111},
          doi = {10.1088/0004-637X/780/1/111},
archivePrefix = {arXiv},
       eprint = {1304.7849},
 primaryClass = {astro-ph.CO},
       adsurl = {https://ui.adsabs.harvard.edu/abs/2014ApJ...780..111H},
      adsnote = {Provided by the SAO/NASA Astrophysics Data System}
}


@ARTICLE{smith2019,
       author = {{Smith}, Robert E. and {Angulo}, Raul E.},
        title = "{Precision modelling of the matter power spectrum in a Planck-like Universe}",
      journal = {\mnras},
     keywords = {large-scale structure of Universe, Astrophysics - Cosmology and Nongalactic Astrophysics},
         year = "2019",
        month = "Jun",
       volume = {486},
       number = {1},
        pages = {1448-1479},
          doi = {10.1093/mnras/stz890},
archivePrefix = {arXiv},
       eprint = {1807.00040},
 primaryClass = {astro-ph.CO},
       adsurl = {https://ui.adsabs.harvard.edu/abs/2019MNRAS.486.1448S},
      adsnote = {Provided by the SAO/NASA Astrophysics Data System}
}


@ARTICLE{mead2015,
       author = {{Mead}, A.~J. and {Peacock}, J.~A. and {Heymans}, C. and {Joudaki}, S. and
         {Heavens}, A.~F.},
        title = "{An accurate halo model for fitting non-linear cosmological power spectra and baryonic feedback models}",
      journal = {\mnras},
     keywords = {gravitational lensing: weak, cosmology: theory, dark energy, large-scale structure of Universe, Astrophysics - Cosmology and Nongalactic Astrophysics},
         year = "2015",
        month = "Dec",
       volume = {454},
       number = {2},
        pages = {1958-1975},
          doi = {10.1093/mnras/stv2036},
archivePrefix = {arXiv},
       eprint = {1505.07833},
 primaryClass = {astro-ph.CO},
       adsurl = {https://ui.adsabs.harvard.edu/abs/2015MNRAS.454.1958M},
      adsnote = {Provided by the SAO/NASA Astrophysics Data System}
}

        
@ARTICLE{takahashi2012,
       author = {{Takahashi}, Ryuichi and {Sato}, Masanori and {Nishimichi}, Takahiro and
         {Taruya}, Atsushi and {Oguri}, Masamune},
        title = "{Revising the Halofit Model for the Nonlinear Matter Power Spectrum}",
      journal = {\apj},
     keywords = {cosmology: theory, large-scale structure of universe, methods: numerical, Astrophysics - Cosmology and Nongalactic Astrophysics, General Relativity and Quantum Cosmology},
         year = "2012",
        month = "Dec",
       volume = {761},
       number = {2},
          eid = {152},
        pages = {152},
          doi = {10.1088/0004-637X/761/2/152},
archivePrefix = {arXiv},
       eprint = {1208.2701},
 primaryClass = {astro-ph.CO},
       adsurl = {https://ui.adsabs.harvard.edu/abs/2012ApJ...761..152T},
      adsnote = {Provided by the SAO/NASA Astrophysics Data System}
}

@ARTICLE{landy,
       author = {{Landy}, Stephen D. and {Szalay}, Alexander S.},
        title = "{Bias and Variance of Angular Correlation Functions}",
      journal = {\apj},
     keywords = {Angular Correlation, Bias, Computational Astrophysics, Galactic Clusters, Variance, Correlation Coefficients, Monte Carlo Method, Random Variables, Astrophysics, GALAXIES: CLUSTERING, METHODS: NUMERICAL},
         year = "1993",
        month = "Jul",
       volume = {412},
        pages = {64},
          doi = {10.1086/172900},
       adsurl = {https://ui.adsabs.harvard.edu/abs/1993ApJ...412...64L},
      adsnote = {Provided by the SAO/NASA Astrophysics Data System}
}

@ARTICLE{Edge2013,
       author = {{Edge}, A. and {Sutherland}, W. and {Kuijken}, K. and {Driver}, S. and
         {McMahon}, R. and {Eales}, S. and {Emerson}, J.~P.},
        title = "{The VISTA Kilo-degree Infrared Galaxy (VIKING) Survey: Bridging the Gap between Low and High Redshift}",
      journal = {The Messenger},
         year = "2013",
        month = "Dec",
       volume = {154},
        pages = {32-34},
       adsurl = {https://ui.adsabs.harvard.edu/abs/2013Msngr.154...32E},
      adsnote = {Provided by the SAO/NASA Astrophysics Data System}
}

@ARTICLE{Gonz2018,
       author = {{Gonz{\'a}lez-Fern{\'a}ndez}, C. and {Hodgkin}, S.~T. and
         {Irwin}, M.~J. and {Gonz{\'a}lez-Solares}, E. and {Koposov}, S.~E. and
         {Lewis}, J.~R. and {Emerson}, J.~P. and {Hewett}, P.~C. and
         {Yolda{\textcommabelow s}}, A.~K. and {Riello}, M.},
        title = "{The VISTA ZYJHKs photometric system: calibration from 2MASS}",
      journal = {\mnras},
     keywords = {methods: data analysis, surveys, infrared: general, Astrophysics - Instrumentation and Methods for Astrophysics},
         year = "2018",
        month = "Mar",
       volume = {474},
       number = {4},
        pages = {5459-5478},
          doi = {10.1093/mnras/stx3073},
archivePrefix = {arXiv},
       eprint = {1711.08805},
 primaryClass = {astro-ph.IM},
       adsurl = {https://ui.adsabs.harvard.edu/abs/2018MNRAS.474.5459G},
      adsnote = {Provided by the SAO/NASA Astrophysics Data System}
}

@INPROCEEDINGS{irwin2004,
       author = {{Irwin}, Mike J. and {Lewis}, Jim and {Hodgkin}, Simon and
         {Bunclark}, Peter and {Evans}, Dafydd and {McMahon}, Richard and
         {Emerson}, James P. and {Stewart}, Malcolm and {Beard}, Steven},
        title = "{VISTA data flow system: pipeline processing for WFCAM and VISTA}",
    booktitle = {\procspie},
         year = "2004",
       editor = {{Quinn}, Peter J. and {Bridger}, Alan},
       series = {Society of Photo-Optical Instrumentation Engineers (SPIE) Conference Series},
       volume = {5493},
        month = "Sep",
        pages = {411-422},
          doi = {10.1117/12.551449},
       adsurl = {https://ui.adsabs.harvard.edu/abs/2004SPIE.5493..411I},
      adsnote = {Provided by the SAO/NASA Astrophysics Data System}
}

@INPROCEEDINGS{lewis2010,
       author = {{Lewis}, J.~R. and {Irwin}, M. and {Bunclark}, P.},
        title = "{Pipeline Processing for VISTA}",
    booktitle = {Astronomical Data Analysis Software and Systems XIX},
         year = "2010",
       editor = {{Mizumoto}, Y. and {Morita}, K. -I. and {Ohishi}, M.},
       series = {Astronomical Society of the Pacific Conference Series},
       volume = {434},
        month = "Dec",
        pages = {91},
       adsurl = {https://ui.adsabs.harvard.edu/abs/2010ASPC..434...91L},
      adsnote = {Provided by the SAO/NASA Astrophysics Data System}
}







@ARTICLE{lily2009,
       author = {{Lilly}, Simon J. and {Le Brun}, Vincent and {Maier}, Christian and
         {Mainieri}, Vincenzo and {Mignoli}, Marco and {Scodeggio}, Marco and
         {Zamorani}, Gianni and {Carollo}, Marcella and {Contini}, Thierry and
         {Kneib}, Jean-Paul and {Le F{\`e}vre}, Olivier and {Renzini}, Alvio and
         {Bardelli}, Sandro and {Bolzonella}, Micol and {Bongiorno}, Angela and
         {Caputi}, Karina and {Coppa}, Graziano and {Cucciati}, Olga and
         {de la Torre}, Sylvain and {de Ravel}, Loic and {Franzetti}, Paolo and
         {Garilli}, Bianca and {Iovino}, Angela and {Kampczyk}, Pawel and
         {Kovac}, Katarina and {Knobel}, Christian and {Lamareille}, Fabrice and
         {Le Borgne}, Jean-Francois and {Pello}, Roser and {Peng}, Yingjie and
         {P{\'e}rez-Montero}, Enrique and {Ricciardelli}, Elena and
         {Silverman}, John D. and {Tanaka}, Masayuki and {Tasca}, Lidia and
         {Tresse}, Laurence and {Vergani}, Daniela and {Zucca}, Elena and
         {Ilbert}, Olivier and {Salvato}, Mara and {Oesch}, Pascal and
         {Abbas}, Umi and {Bottini}, Dario and {Capak}, Peter and
         {Cappi}, Alberto and {Cassata}, Paolo and {Cimatti}, Andrea and
         {Elvis}, Martin and {Fumana}, Marco and {Guzzo}, Luigi and
         {Hasinger}, Gunther and {Koekemoer}, Anton and {Leauthaud}, Alexei and
         {Maccagni}, Dario and {Marinoni}, Christian and {McCracken}, Henry and
         {Memeo}, Pierdomenico and {Meneux}, Baptiste and {Porciani}, Cristiano and
         {Pozzetti}, Lucia and {Sanders}, David and {Scaramella}, Roberto and
         {Scarlata}, Claudia and {Scoville}, Nick and {Shopbell}, Patrick and
         {Taniguchi}, Yoshiaki},
        title = "{The zCOSMOS 10k-Bright Spectroscopic Sample}",
      journal = {\apjs},
     keywords = {cosmology: observations, galaxies: active, galaxies: distances and redshifts, galaxies: evolution, large-scale structure of universe, quasars: general, surveys},
         year = "2009",
        month = "Oct",
       volume = {184},
       number = {2},
        pages = {218-229},
          doi = {10.1088/0067-0049/184/2/218},
       adsurl = {https://ui.adsabs.harvard.edu/abs/2009ApJS..184..218L},
      adsnote = {Provided by the SAO/NASA Astrophysics Data System}
}



#################Healpix ###########


@ARTICLE{healpy2019,
       author = {{Zonca}, Andrea and {Singer}, Leo and {Lenz}, Daniel and
         {Reinecke}, Martin and {Rosset}, Cyrille and {Hivon}, Eric and
         {Gorski}, Krzysztof},
        title = "{healpy: equal area pixelization and spherical harmonics transforms for data on the sphere in Python}",
      journal = {The Journal of Open Source Software},
     keywords = {C, python, C++, cosmology, Python, astronomy},
         year = "2019",
        month = "Mar",
       volume = {4},
       number = {35},
          eid = {1298},
        pages = {1298},
          doi = {10.21105/joss.01298},
       adsurl = {https://ui.adsabs.harvard.edu/abs/2019JOSS....4.1298Z},
      adsnote = {Provided by the SAO/NASA Astrophysics Data System}
}

@ARTICLE{healpix,
       author = {{G{\'o}rski}, K.~M. and {Hivon}, E. and {Banday}, A.~J. and {Wand
        elt}, B.~D. and {Hansen}, F.~K. and {Reinecke}, M. and {Bartelmann}, M.},
        title = "{HEALPix: A Framework for High-Resolution Discretization and Fast Analysis of Data Distributed on the Sphere}",
      journal = {\apj},
     keywords = {Cosmology: Cosmic Microwave Background, Cosmology: Observations, Methods: Statistical, Astrophysics},
         year = "2005",
        month = "Apr",
       volume = {622},
       number = {2},
        pages = {759-771},
          doi = {10.1086/427976},
archivePrefix = {arXiv},
       eprint = {astro-ph/0409513},
 primaryClass = {astro-ph},
       adsurl = {https://ui.adsabs.harvard.edu/abs/2005ApJ...622..759G},
      adsnote = {Provided by the SAO/NASA Astrophysics Data System}
}

##################MICE and WMAP5####################


@ARTICLE{MICE1,
       author = {{Fosalba}, P. and {Crocce}, M. and {Gazta{\~n}aga}, E. and {Castand
        er}, F.~J.},
        title = "{The MICE grand challenge lightcone simulation - I. Dark matter clustering}",
      journal = {\mnras},
     keywords = {methods: numerical, galaxies: statistics, dark matter, large-scale structure of Universe, Astrophysics - Cosmology and Nongalactic Astrophysics},
         year = "2015",
        month = "Apr",
       volume = {448},
       number = {4},
        pages = {2987-3000},
          doi = {10.1093/mnras/stv138},
archivePrefix = {arXiv},
       eprint = {1312.1707},
 primaryClass = {astro-ph.CO},
       adsurl = {https://ui.adsabs.harvard.edu/abs/2015MNRAS.448.2987F},
      adsnote = {Provided by the SAO/NASA Astrophysics Data System}
}

@ARTICLE{WMAP5,
       author = {{Dunkley}, J. and {Komatsu}, E. and {Nolta}, M.~R. and {Spergel}, D.~N. and
         {Larson}, D. and {Hinshaw}, G. and {Page}, L. and {Bennett}, C.~L. and
         {Gold}, B. and {Jarosik}, N. and {Weiland}, J.~L. and {Halpern}, M. and
         {Hill}, R.~S. and {Kogut}, A. and {Limon}, M. and {Meyer}, S.~S. and
         {Tucker}, G.~S. and {Wollack}, E. and {Wright}, E.~L.},
        title = "{Five-Year Wilkinson Microwave Anisotropy Probe Observations: Likelihoods and Parameters from the WMAP Data}",
      journal = {\apjs},
     keywords = {cosmic microwave background, cosmology: observations, early universe, polarization, Astrophysics},
         year = "2009",
        month = "Feb",
       volume = {180},
       number = {2},
        pages = {306-329},
          doi = {10.1088/0067-0049/180/2/306},
archivePrefix = {arXiv},
       eprint = {0803.0586},
 primaryClass = {astro-ph},
       adsurl = {https://ui.adsabs.ha
}
}

#################blinding ######################################

@ARTICLE{sellentin2019,
       author = {{Sellentin}, Elena},
        title = "{A blinding solution for inference from astronomical data}",
      journal = {arXiv e-prints},
     keywords = {Astrophysics - Cosmology and Nongalactic Astrophysics, Astrophysics - Astrophysics of Galaxies, General Relativity and Quantum Cosmology, Physics - Data Analysis, Statistics and Probability},
         year = "2019",
        month = "Oct",
          eid = {arXiv:1910.08533},
        pages = {arXiv:1910.08533},
archivePrefix = {arXiv},
       eprint = {1910.08533},
 primaryClass = {astro-ph.CO},
       adsurl = {https://ui.adsabs.harvard.edu/abs/2019arXiv191008533S},
      adsnote = {Provided by the SAO/NASA Astrophysics Data System}
}


########################## SVM ######################


@inproceedings{scholkopf2000,
  title={Support vector method for novelty detection},
  author={Sch{\"o}lkopf, Bernhard and Williamson, Robert C and Smola, Alex J and Shawe-Taylor, John and Platt, John C},
  booktitle={Advances in neural information processing systems},
  pages={582--588},
  year={2000}
}

@book{cristianini2000,
  title={An introduction to support vector machines and other kernel-based learning methods},
  author={Cristianini, Nello and Shawe-Taylor, John and others},
  year={2000},
  publisher={Cambridge university press}
}

@article{van2018,
  title={An asteroseismic view of the radius valley: stripped cores, not born rocky},
  author={Van Eylen, Vincent and Agentoft, Camilla and Lundkvist, MS and Kjeldsen, Hans and Owen, James E and Fulton, Benjamin J and Petigura, Erik and Snellen, Ignas},
  journal={Monthly Notices of the Royal Astronomical Society},
  volume={479},
  number={4},
  pages={4786--4795},
  year={2018},
  publisher={Oxford University Press}}
  
  @article{fadely2012,
  title={Star-galaxy classification in multi-band optical imaging},
  author={Fadely, Ross and Hogg, David W and Willman, Beth},
  journal={The Astrophysical Journal},
  volume={760},
  number={1},
  pages={15},
  year={2012},
  publisher={IOP Publishing}
}

@article{scarlata2007,
  title={Cosmos morphological classification with the zurich estimator of structural types (zest) and the evolution since z= 1 of the luminosity function of early, disk, and irregular galaxies},
  author={Scarlata, C and Carollo, C Marcella and Lilly, S and Sargent, MT and Feldmann, R and Kampczyk, P and Porciani, C and Koekemoer, A and Scoville, N and Kneib, J-P and others},
  journal={The Astrophysical Journal Supplement Series},
  volume={172},
  number={1},
  pages={406},
  year={2007},
  publisher={IOP Publishing}
}

@article{sargent2007,
  title={The evolution of the number density of large disk galaxies in COSMOS},
  author={Sargent, Mark T and Carollo, C Marcella and Lilly, SJ and Scarlata, C and Feldmann, R and Kampczyk, P and Koekemoer, AM and Scoville, N and Kneib, J-P and Leauthaud, A and others},
  journal={The Astrophysical Journal Supplement Series},
  volume={172},
  number={1},
  pages={434},
  year={2007},
  publisher={IOP Publishing}
}


########## DIR #############

@article{lima2008,
  title={Estimating the redshift distribution of photometric galaxy samples},
  author={Lima, Marcos and Cunha, Carlos E and Oyaizu, Hiroaki and Frieman, Joshua and Lin, Huan and Sheldon, Erin S},
  journal={Monthly Notices of the Royal Astronomical Society},
  volume={390},
  number={1},
  pages={118--130},
  year={2008},
  publisher={Blackwell Publishing Ltd Oxford, UK}
}

@article{cunha2009,
  title={Estimating the redshift distribution of photometric galaxy samples--II. Applications and tests of a new method},
  author={Cunha, Carlos E and Lima, Marcos and Oyaizu, Hiroaki and Frieman, Joshua and Lin, Huan},
  journal={Monthly Notices of the Royal Astronomical Society},
  volume={396},
  number={4},
  pages={2379--2398},
  year={2009},
  publisher={The Royal Astronomical Society}
}

@article{zhou2020,
  title={The Clustering of DESI-like Luminous Red Galaxies Using Photometric Redshifts},
  author={Zhou, Rongpu and Newman, Jeffrey A and Mao, Yao-Yuan and Meisner, Aaron and Moustakas, John and Myers, Adam D and Prakash, Abhishek and Zentner, Andrew R and Brooks, David and Duan, Yutong and others},
  journal={arXiv preprint arXiv:2001.06018},
  year={2020}
}

@unpublished{som2020,
  title = {Organised Randoms: learning and correcting for systematic galaxy density modes using self-organising maps},
  author = {Johntson, Harry and Wright, Angus and Joachimi, Benjamin and Vakili, Mohammadjavad},
  year = {inpreparation}
  }

@inproceedings{kohonen1997,
  title={Exploration of very large databases by self-organizing maps},
  author={Kohonen, Teuvo},
  booktitle={Proceedings of international conference on neural networks (icnn'97)},
  volume={1},
  pages={PL1--PL6},
  year={1997},
  organization={IEEE}}

@article{nicola2019,
  title={Tomographic galaxy clustering with the Subaru Hyper Suprime-Cam first year public data release},
  author={Nicola, Andrina and Alonso, David and S{\'a}nchez, Javier and Slosar, An{\v{z}}e and Awan, Humna and Broussard, Adam and Dunkley, Jo and Gomes, Zahra and Gawiser, Eric and Mandelbaum, Rachel and others},
  journal={arXiv preprint arXiv:1912.08209},
  year={2019}
}


#################### DESI #######################

@article{hsc_dr1,
  title={First data release of the Hyper Suprime-Cam Subaru strategic program},
  author={Aihara, Hiroaki and Armstrong, Robert and Bickerton, Steven and Bosch, James and Coupon, Jean and Furusawa, Hisanori and Hayashi, Yusuke and Ikeda, Hiroyuki and Kamata, Yukiko and Karoji, Hiroshi and others},
  journal={Publications of the Astronomical Society of Japan},
  volume={70},
  number={SP1},
  pages={S8},
  year={2018},
  publisher={Oxford University Press}
}

@article{desi_legacy,
  title={Overview of the DESI legacy imaging surveys},
  author={Dey, Arjun and Schlegel, David J and Lang, Dustin and Blum, Robert and Burleigh, Kaylan and Fan, Xiaohui and Findlay, Joseph R and Finkbeiner, Doug and Herrera, David and Juneau, St{\'e}phanie and others},
  journal={The Astronomical Journal},
  volume={157},
  number={5},
  pages={168},
  year={2019},
  publisher={IOP Publishing}
}


######################### Dealing survey systematics ###############


@article{leistedt2014,
  title={Exploiting the full potential of photometric quasar surveys: optimal power spectra through blind mitigation of systematics},
  author={Leistedt, Boris and Peiris, Hiranya V},
  journal={Monthly Notices of the Royal Astronomical Society},
  volume={444},
  number={1},
  pages={2--14},
  year={2014},
  publisher={The Royal Astronomical Society}
}

@article{ross2017clustering,
  title={The clustering of galaxies in the completed SDSS-III Baryon Oscillation Spectroscopic Survey: Observational systematics and baryon acoustic oscillations in the correlation function},
  author={Ross, Ashley J and Beutler, Florian and Chuang, Chia-Hsun and Pellejero-Ibanez, Marcos and Seo, Hee-Jong and Vargas-Magana, Mariana and Cuesta, Antonio J and Percival, Will J and Burden, Angela and S{\'a}nchez, Ariel G and others},
  journal={Monthly Notices of the Royal Astronomical Society},
  volume={464},
  number={1},
  pages={1168--1191},
  year={2017},
  publisher={Oxford University Press}
}


@article{ross2012clustering,
  title={The clustering of galaxies in the SDSS-III Baryon Oscillation Spectroscopic Survey: analysis of potential systematics},
  author={Ross, Ashley J and Percival, Will J and S{\'a}nchez, Ariel G and Samushia, Lado and Ho, Shirley and Kazin, Eyal and Manera, Marc and Reid, Beth and White, Martin and Tojeiro, Rita and others},
  journal={Monthly Notices of the Royal Astronomical Society},
  volume={424},
  number={1},
  pages={564--590},
  year={2012},
  publisher={The Royal Astronomical Society}
}

@article{leistedt2016mapping,
  title={Mapping and simulating systematics due to spatially varying observing conditions in DES science verification data},
  author={Leistedt, Boris and Peiris, Hiranya V and Elsner, Franz and Benoit-L{\'e}vy, Aur{\'e}lien and Amara, Adam and Bauer, Anne Hollister and Becker, Matthew R and Bonnett, Christopher and Bruderer, Claudio and Busha, MT and others},
  journal={The Astrophysical Journal Supplement Series},
  volume={226},
  number={2},
  pages={24},
  year={2016},
  publisher={IOP Publishing}
}

@article{elsner2016unbiased,
  title={Unbiased methods for removing systematics from galaxy clustering measurements},
  author={Elsner, Franz and Leistedt, Boris and Peiris, Hiranya V},
  journal={Monthly Notices of the Royal Astronomical Society},
  volume={456},
  number={2},
  pages={2095--2104},
  year={2016},
  publisher={The Royal Astronomical Society}
}


@article{zhai2017clustering,
  title={The clustering of luminous red galaxies at z~ 0.7 from EBOSS and BOSS data},
  author={Zhai, Zhongxu and Tinker, Jeremy L and Hahn, ChangHoon and Seo, Hee-Jong and Blanton, Michael R and Tojeiro, Rita and Camacho, Hugo O and Lima, Marcos and Rosell, Aurelio Carnero and Sobreira, Flavia and others},
  journal={The Astrophysical Journal},
  volume={848},
  number={2},
  pages={76},
  year={2017},
  publisher={IOP Publishing}
}


@article{icaza2020clustering,
  title={The clustering of the SDSS-IV extended Baryon Oscillation Spectroscopic Survey DR14 LRG sample: structure growth rate measurement from the anisotropic LRG correlation function in the redshift range 0.6< z< 1.0},
  author={Icaza-Lizaola, M and Vargas-Maga{\~n}a, M and Fromenteau, S and Alam, S and Camacho, B and Gil-Marin, H and Paviot, R and Ross, Ashley and Schneider, Donald P and Tinker, Jeremy and others},
  journal={Monthly Notices of the Royal Astronomical Society},
  volume={492},
  number={3},
  pages={4189--4215},
  year={2020},
  publisher={Oxford University Press}
}

@article{bautista2018sdss,
  title={The SDSS-IV extended baryon oscillation spectroscopic survey: baryon acoustic oscillations at redshift of 0.72 with the DR14 luminous red galaxy sample},
  author={Bautista, Julian E and Vargas-Maga{\~n}a, Mariana and Dawson, Kyle S and Percival, Will J and Brinkmann, Jonathan and Brownstein, Joel and Camacho, Benjamin and Comparat, Johan and Gil-Mar{\'\i}n, Hector and Mueller, Eva-Maria and others},
  journal={The Astrophysical Journal},
  volume={863},
  number={1},
  pages={110},
  year={2018},
  publisher={IOP Publishing}
}

@article{crocce2019dark,
  title={Dark Energy Survey year 1 results: galaxy sample for BAO measurement},
  author={Crocce, Martin and Ross, AJ and Sevilla-Noarbe, Ignacio and Gaztanaga, Enrique and Elvin-Poole, Jack and Avila, Santiago and Alarcon, Alex and Chan, Kwan Chuen and Banik, N and Carretero, Jorge and others},
  journal={Monthly Notices of the Royal Astronomical Society},
  volume={482},
  number={2},
  pages={2807--2822},
  year={2019},
  publisher={Oxford University Press}
}

@article{DESI_systematic,
  title={Imaging Systematics and Clustering of DESI Main Targets},
  author={Kitanidis, Ellie and White, Martin and Feng, Yu and Schlegel, David and Guy, Julien and Dey, Arjun and Landriau, Martin and Brooks, David and Levi, Michael and Moustakas, John and others},
  journal={arXiv preprint arXiv:1911.05714},
  year={2019}
}

@article{crocce2016galaxy,
  title={Galaxy clustering, photometric redshifts and diagnosis of systematics in the DES Science Verification data},
  author={Crocce, Mart{\'\i}n and Carretero, J and Bauer, Anne Hollister and Ross, AJ and Sevilla-Noarbe, Ignacio and Giannantonio, Tommaso and Sobreira, Fl{\'a}via and Sanchez, J and Gaztanaga, Enrique and Kind, M Carrasco and others},
  journal={Monthly Notices of the Royal Astronomical Society},
  volume={455},
  number={4},
  pages={4301--4324},
  year={2016},
  publisher={Oxford University Press}
}

@article{ho2012,
  title={Clustering of sloan digital sky survey III photometric luminous galaxies: The measurement, systematics, and cosmological implications},
  author={Ho, Shirley and Cuesta, Antonio and Seo, Hee-Jong and De Putter, Roland and Ross, Ashley J and White, Martin and Padmanabhan, Nikhil and Saito, Shun and Schlegel, David J and Schlafly, Eddie and others},
  journal={The Astrophysical Journal},
  volume={761},
  number={1},
  pages={14},
  year={2012},
  publisher={IOP Publishing}
}
